symbol,price,timeStamp,quantity
btcusdt,108139.84000000,2025-08-29T18:32:48.716Z,0.00006000
btcusdt,108139.84000000,2025-08-29T18:32:48.716Z,0.00006000
btcusdt,108139.92000000,2025-08-29T18:32:48.716Z,0.00005000
btcusdt,108139.92000000,2025-08-29T18:32:48.716Z,0.00005000
btcusdt,108139.92000000,2025-08-29T18:32:48.716Z,0.00005000
btcusdt,108140.00000000,2025-08-29T18:32:48.716Z,0.01849000
btcusdt,108140.00000000,2025-08-29T18:32:48.716Z,0.01849000
btcusdt,108140.00000000,2025-08-29T18:32:48.716Z,0.01849000
btcusdt,108140.00000000,2025-08-29T18:32:48.716Z,0.00005000
btcusdt,108140.00000000,2025-08-29T18:32:48.716Z,0.00005000
btcusdt,108140.00000000,2025-08-29T18:32:48.716Z,0.00005000
btcusdt,108140.45000000,2025-08-29T18:32:48.716Z,0.00093000
btcusdt,108140.45000000,2025-08-29T18:32:48.716Z,0.00093000
btcusdt,108140.45000000,2025-08-29T18:32:48.716Z,0.00093000
btcusdt,108140.45000000,2025-08-29T18:32:48.716Z,0.00080000
btcusdt,108140.45000000,2025-08-29T18:32:48.716Z,0.00080000
btcusdt,108140.45000000,2025-08-29T18:32:48.716Z,0.00080000
btcusdt,108141.00000000,2025-08-29T18:32:48.716Z,0.00005000
btcusdt,108141.00000000,2025-08-29T18:32:48.716Z,0.00005000
btcusdt,108141.00000000,2025-08-29T18:32:48.716Z,0.00005000
btcusdt,108141.71000000,2025-08-29T18:32:48.716Z,0.00005000
btcusdt,108141.71000000,2025-08-29T18:32:48.716Z,0.00005000
btcusdt,108141.71000000,2025-08-29T18:32:48.716Z,0.00005000
btcusdt,108144.00000000,2025-08-29T18:32:48.723Z,0.00005000
btcusdt,108144.00000000,2025-08-29T18:32:48.723Z,0.00005000
btcusdt,108144.00000000,2025-08-29T18:32:48.723Z,0.00005000
btcusdt,108144.00000000,2025-08-29T18:32:48.723Z,0.00005000
btcusdt,108144.00000000,2025-08-29T18:32:48.723Z,0.00005000
btcusdt,108144.00000000,2025-08-29T18:32:48.723Z,0.00005000
btcusdt,108144.00000000,2025-08-29T18:32:48.723Z,0.00005000
btcusdt,108144.00000000,2025-08-29T18:32:48.723Z,0.00005000
btcusdt,108144.00000000,2025-08-29T18:32:48.723Z,0.00005000
btcusdt,108144.00000000,2025-08-29T18:32:48.723Z,0.00005000
btcusdt,108144.00000000,2025-08-29T18:32:48.723Z,0.00005000
btcusdt,108144.00000000,2025-08-29T18:32:48.723Z,0.00005000
btcusdt,108144.00000000,2025-08-29T18:32:48.723Z,0.00090000
btcusdt,108144.00000000,2025-08-29T18:32:48.723Z,0.00090000
btcusdt,108144.00000000,2025-08-29T18:32:48.723Z,0.00090000
btcusdt,108144.00000000,2025-08-29T18:32:48.723Z,0.00005000
btcusdt,108144.00000000,2025-08-29T18:32:48.723Z,0.00005000
btcusdt,108144.00000000,2025-08-29T18:32:48.723Z,0.00005000
btcusdt,108144.00000000,2025-08-29T18:32:48.723Z,0.00005000
btcusdt,108144.00000000,2025-08-29T18:32:48.723Z,0.00005000
btcusdt,108144.00000000,2025-08-29T18:32:48.723Z,0.00005000
btcusdt,108144.00000000,2025-08-29T18:32:48.723Z,0.00005000
btcusdt,108144.00000000,2025-08-29T18:32:48.723Z,0.00005000
btcusdt,108144.00000000,2025-08-29T18:32:48.723Z,0.00005000
btcusdt,108144.00000000,2025-08-29T18:32:48.723Z,0.00005000
btcusdt,108144.00000000,2025-08-29T18:32:48.723Z,0.00005000
btcusdt,108144.00000000,2025-08-29T18:32:48.723Z,0.00005000
btcusdt,108144.00000000,2025-08-29T18:32:48.723Z,0.00005000
btcusdt,108144.00000000,2025-08-29T18:32:48.723Z,0.00005000
btcusdt,108144.00000000,2025-08-29T18:32:48.723Z,0.00005000
btcusdt,108144.00000000,2025-08-29T18:32:48.723Z,0.00005000
btcusdt,108144.00000000,2025-08-29T18:32:48.723Z,0.00005000
btcusdt,108144.00000000,2025-08-29T18:32:48.723Z,0.00005000
btcusdt,108144.00000000,2025-08-29T18:32:48.723Z,0.00005000
btcusdt,108144.00000000,2025-08-29T18:32:48.723Z,0.00005000
btcusdt,108144.00000000,2025-08-29T18:32:48.723Z,0.00005000
btcusdt,108144.00000000,2025-08-29T18:32:48.723Z,0.00005000
btcusdt,108144.00000000,2025-08-29T18:32:48.723Z,0.00005000
btcusdt,108144.00000000,2025-08-29T18:32:48.723Z,0.00005000
btcusdt,108144.00000000,2025-08-29T18:32:48.723Z,0.00005000
btcusdt,108144.00000000,2025-08-29T18:32:48.723Z,0.00005000
btcusdt,108144.00000000,2025-08-29T18:32:48.723Z,0.00005000
btcusdt,108144.00000000,2025-08-29T18:32:48.723Z,0.00005000
btcusdt,108144.00000000,2025-08-29T18:32:48.723Z,0.00005000
btcusdt,108144.00000000,2025-08-29T18:32:48.723Z,0.00005000
btcusdt,108144.00000000,2025-08-29T18:32:48.723Z,0.00005000
btcusdt,108144.00000000,2025-08-29T18:32:48.723Z,0.00005000
btcusdt,108144.00000000,2025-08-29T18:32:48.723Z,0.00005000
btcusdt,108144.00000000,2025-08-29T18:32:48.723Z,0.00005000
btcusdt,108144.00000000,2025-08-29T18:32:48.723Z,0.00005000
btcusdt,108144.00000000,2025-08-29T18:32:48.723Z,0.00005000
btcusdt,108144.00000000,2025-08-29T18:32:48.723Z,0.00003000
btcusdt,108144.00000000,2025-08-29T18:32:48.723Z,0.00003000
btcusdt,108144.00000000,2025-08-29T18:32:48.723Z,0.00003000
btcusdt,108143.99000000,2025-08-29T18:32:48.747Z,0.00015000
btcusdt,108143.99000000,2025-08-29T18:32:48.747Z,0.00015000
btcusdt,108143.99000000,2025-08-29T18:32:48.747Z,0.00015000
btcusdt,108144.00000000,2025-08-29T18:32:48.764Z,0.00171000
btcusdt,108144.00000000,2025-08-29T18:32:48.764Z,0.00171000
btcusdt,108144.00000000,2025-08-29T18:32:48.764Z,0.00171000
btcusdt,108144.00000000,2025-08-29T18:32:49.609Z,0.00042000
btcusdt,108144.00000000,2025-08-29T18:32:49.609Z,0.00042000
btcusdt,108144.00000000,2025-08-29T18:32:49.609Z,0.00042000
btcusdt,108144.00000000,2025-08-29T18:32:49.792Z,0.00033000
btcusdt,108144.00000000,2025-08-29T18:32:49.792Z,0.00033000
btcusdt,108144.00000000,2025-08-29T18:32:49.792Z,0.00033000
btcusdt,108144.00000000,2025-08-29T18:32:50.081Z,0.00310000
btcusdt,108144.00000000,2025-08-29T18:32:50.081Z,0.00310000
btcusdt,108144.00000000,2025-08-29T18:32:50.081Z,0.00310000
btcusdt,108144.00000000,2025-08-29T18:32:50.088Z,0.03582000
btcusdt,108144.00000000,2025-08-29T18:32:50.088Z,0.03582000
btcusdt,108144.00000000,2025-08-29T18:32:50.088Z,0.03582000
btcusdt,108144.00000000,2025-08-29T18:32:50.226Z,0.00118000
btcusdt,108144.00000000,2025-08-29T18:32:50.226Z,0.00118000
btcusdt,108144.00000000,2025-08-29T18:32:50.226Z,0.00118000
btcusdt,108144.00000000,2025-08-29T18:32:50.396Z,0.00244000
btcusdt,108144.00000000,2025-08-29T18:32:50.396Z,0.00244000
btcusdt,108144.00000000,2025-08-29T18:32:50.396Z,0.00244000
btcusdt,108143.99000000,2025-08-29T18:32:50.409Z,0.00006000
btcusdt,108143.99000000,2025-08-29T18:32:50.409Z,0.00006000
btcusdt,108143.99000000,2025-08-29T18:32:50.409Z,0.00006000
btcusdt,108144.00000000,2025-08-29T18:32:50.689Z,0.08268000
btcusdt,108144.00000000,2025-08-29T18:32:50.689Z,0.08268000
btcusdt,108144.00000000,2025-08-29T18:32:50.689Z,0.08268000
btcusdt,108143.99000000,2025-08-29T18:32:51.845Z,0.00084000
btcusdt,108143.99000000,2025-08-29T18:32:51.845Z,0.00084000
btcusdt,108143.99000000,2025-08-29T18:32:51.845Z,0.00084000
btcusdt,108144.00000000,2025-08-29T18:32:51.884Z,0.00006000
btcusdt,108144.00000000,2025-08-29T18:32:51.884Z,0.00006000
btcusdt,108144.00000000,2025-08-29T18:32:51.884Z,0.00006000
btcusdt,108144.00000000,2025-08-29T18:32:51.939Z,0.00013000
btcusdt,108144.00000000,2025-08-29T18:32:51.939Z,0.00013000
btcusdt,108144.00000000,2025-08-29T18:32:51.939Z,0.00013000
btcusdt,108144.00000000,2025-08-29T18:32:52.287Z,0.00131000
btcusdt,108144.00000000,2025-08-29T18:32:52.287Z,0.00131000
btcusdt,108144.00000000,2025-08-29T18:32:52.287Z,0.00131000
btcusdt,108143.99000000,2025-08-29T18:32:52.434Z,0.00086000
btcusdt,108143.99000000,2025-08-29T18:32:52.434Z,0.00086000
btcusdt,108143.99000000,2025-08-29T18:32:52.434Z,0.00086000
btcusdt,108144.00000000,2025-08-29T18:32:52.803Z,0.00022000
btcusdt,108144.00000000,2025-08-29T18:32:52.803Z,0.00022000
btcusdt,108144.00000000,2025-08-29T18:32:52.803Z,0.00022000
btcusdt,108144.00000000,2025-08-29T18:32:53.173Z,0.00089000
btcusdt,108144.00000000,2025-08-29T18:32:53.173Z,0.00089000
btcusdt,108144.00000000,2025-08-29T18:32:53.173Z,0.00089000
btcusdt,108144.00000000,2025-08-29T18:32:53.562Z,0.00010000
btcusdt,108144.00000000,2025-08-29T18:32:53.562Z,0.00010000
btcusdt,108144.00000000,2025-08-29T18:32:53.562Z,0.00010000
btcusdt,108144.00000000,2025-08-29T18:32:54.668Z,0.04124000
btcusdt,108144.00000000,2025-08-29T18:32:54.668Z,0.04124000
btcusdt,108144.00000000,2025-08-29T18:32:54.668Z,0.04124000
btcusdt,108144.00000000,2025-08-29T18:32:54.687Z,0.00188000
btcusdt,108144.00000000,2025-08-29T18:32:54.687Z,0.00188000
btcusdt,108144.00000000,2025-08-29T18:32:54.687Z,0.00188000
btcusdt,108144.00000000,2025-08-29T18:32:54.794Z,0.00250000
btcusdt,108144.00000000,2025-08-29T18:32:54.794Z,0.00250000
btcusdt,108144.00000000,2025-08-29T18:32:54.794Z,0.00250000
btcusdt,108143.99000000,2025-08-29T18:32:54.796Z,0.00138000
btcusdt,108143.99000000,2025-08-29T18:32:54.796Z,0.00138000
btcusdt,108143.99000000,2025-08-29T18:32:54.796Z,0.00138000
btcusdt,108144.00000000,2025-08-29T18:32:54.962Z,0.00116000
btcusdt,108144.00000000,2025-08-29T18:32:54.962Z,0.00116000
btcusdt,108144.00000000,2025-08-29T18:32:54.962Z,0.00116000
btcusdt,108144.00000000,2025-08-29T18:32:56.197Z,0.00009000
btcusdt,108144.00000000,2025-08-29T18:32:56.197Z,0.00009000
btcusdt,108144.00000000,2025-08-29T18:32:56.197Z,0.00009000
btcusdt,108160.00000000,2025-08-29T18:37:05.820Z,0.00672000
btcusdt,108160.00000000,2025-08-29T18:37:05.820Z,0.00672000
btcusdt,108160.00000000,2025-08-29T18:37:05.820Z,0.00672000
btcusdt,108160.01000000,2025-08-29T18:37:05.888Z,0.11571000
btcusdt,108160.01000000,2025-08-29T18:37:05.888Z,0.11571000
btcusdt,108160.01000000,2025-08-29T18:37:05.888Z,0.11571000
btcusdt,108160.00000000,2025-08-29T18:37:06.146Z,0.01348000
btcusdt,108160.00000000,2025-08-29T18:37:06.146Z,0.01348000
btcusdt,108160.00000000,2025-08-29T18:37:06.146Z,0.01348000
btcusdt,108160.00000000,2025-08-29T18:37:06.146Z,0.00555000
btcusdt,108160.00000000,2025-08-29T18:37:06.146Z,0.00555000
btcusdt,108160.00000000,2025-08-29T18:37:06.146Z,0.00555000
btcusdt,108160.00000000,2025-08-29T18:37:06.146Z,0.00005000
btcusdt,108160.00000000,2025-08-29T18:37:06.146Z,0.00005000
btcusdt,108160.00000000,2025-08-29T18:37:06.146Z,0.00005000
btcusdt,108160.00000000,2025-08-29T18:37:06.146Z,0.00005000
btcusdt,108160.00000000,2025-08-29T18:37:06.146Z,0.00005000
btcusdt,108160.00000000,2025-08-29T18:37:06.146Z,0.00005000
btcusdt,108160.00000000,2025-08-29T18:37:06.146Z,0.00096000
btcusdt,108160.00000000,2025-08-29T18:37:06.146Z,0.00096000
btcusdt,108160.00000000,2025-08-29T18:37:06.146Z,0.00096000
btcusdt,108160.00000000,2025-08-29T18:37:06.146Z,0.00005000
btcusdt,108160.00000000,2025-08-29T18:37:06.146Z,0.00005000
btcusdt,108160.00000000,2025-08-29T18:37:06.146Z,0.00005000
btcusdt,108160.00000000,2025-08-29T18:37:06.146Z,0.00005000
btcusdt,108160.00000000,2025-08-29T18:37:06.146Z,0.00005000
btcusdt,108160.00000000,2025-08-29T18:37:06.146Z,0.00005000
btcusdt,108160.00000000,2025-08-29T18:37:06.146Z,0.00005000
btcusdt,108160.00000000,2025-08-29T18:37:06.146Z,0.00005000
btcusdt,108160.00000000,2025-08-29T18:37:06.146Z,0.00005000
btcusdt,108160.00000000,2025-08-29T18:37:06.146Z,0.00005000
btcusdt,108160.00000000,2025-08-29T18:37:06.146Z,0.00005000
btcusdt,108160.00000000,2025-08-29T18:37:06.146Z,0.00005000
btcusdt,108160.00000000,2025-08-29T18:37:06.146Z,0.00005000
btcusdt,108160.00000000,2025-08-29T18:37:06.146Z,0.00005000
btcusdt,108160.00000000,2025-08-29T18:37:06.146Z,0.00005000
btcusdt,108160.00000000,2025-08-29T18:37:06.146Z,0.00005000
btcusdt,108160.00000000,2025-08-29T18:37:06.146Z,0.00005000
btcusdt,108160.00000000,2025-08-29T18:37:06.146Z,0.00005000
btcusdt,108160.00000000,2025-08-29T18:37:06.146Z,0.00005000
btcusdt,108160.00000000,2025-08-29T18:37:06.146Z,0.00005000
btcusdt,108160.00000000,2025-08-29T18:37:06.146Z,0.00005000
btcusdt,108160.00000000,2025-08-29T18:37:06.146Z,0.00005000
btcusdt,108160.00000000,2025-08-29T18:37:06.146Z,0.00005000
btcusdt,108160.00000000,2025-08-29T18:37:06.146Z,0.00005000
btcusdt,108160.00000000,2025-08-29T18:37:06.146Z,0.00005000
btcusdt,108160.00000000,2025-08-29T18:37:06.146Z,0.00005000
btcusdt,108160.00000000,2025-08-29T18:37:06.146Z,0.00005000
btcusdt,108160.00000000,2025-08-29T18:37:06.146Z,0.00005000
btcusdt,108160.00000000,2025-08-29T18:37:06.146Z,0.00005000
btcusdt,108160.00000000,2025-08-29T18:37:06.146Z,0.00005000
btcusdt,108160.00000000,2025-08-29T18:37:06.146Z,0.00005000
btcusdt,108160.00000000,2025-08-29T18:37:06.146Z,0.00005000
btcusdt,108160.00000000,2025-08-29T18:37:06.146Z,0.00005000
btcusdt,108160.00000000,2025-08-29T18:37:06.146Z,0.00005000
btcusdt,108160.00000000,2025-08-29T18:37:06.146Z,0.00005000
btcusdt,108160.00000000,2025-08-29T18:37:06.146Z,0.00005000
btcusdt,108160.00000000,2025-08-29T18:37:06.146Z,0.00005000
btcusdt,108160.00000000,2025-08-29T18:37:06.146Z,0.00005000
btcusdt,108160.00000000,2025-08-29T18:37:06.146Z,0.00005000
btcusdt,108159.99000000,2025-08-29T18:37:06.146Z,0.00005000
btcusdt,108159.99000000,2025-08-29T18:37:06.146Z,0.00005000
btcusdt,108159.99000000,2025-08-29T18:37:06.146Z,0.00005000
btcusdt,108159.99000000,2025-08-29T18:37:06.146Z,0.00005000
btcusdt,108159.99000000,2025-08-29T18:37:06.146Z,0.00005000
btcusdt,108159.99000000,2025-08-29T18:37:06.146Z,0.00005000
btcusdt,108159.99000000,2025-08-29T18:37:06.146Z,0.00005000
btcusdt,108159.99000000,2025-08-29T18:37:06.146Z,0.00005000
btcusdt,108159.99000000,2025-08-29T18:37:06.146Z,0.00005000
btcusdt,108159.99000000,2025-08-29T18:37:06.146Z,0.00005000
btcusdt,108159.99000000,2025-08-29T18:37:06.146Z,0.00005000
btcusdt,108159.99000000,2025-08-29T18:37:06.146Z,0.00005000
btcusdt,108159.99000000,2025-08-29T18:37:06.146Z,0.00005000
btcusdt,108159.99000000,2025-08-29T18:37:06.146Z,0.00005000
btcusdt,108159.99000000,2025-08-29T18:37:06.146Z,0.00005000
btcusdt,108159.99000000,2025-08-29T18:37:06.146Z,0.00005000
btcusdt,108159.99000000,2025-08-29T18:37:06.146Z,0.00005000
btcusdt,108159.99000000,2025-08-29T18:37:06.146Z,0.00005000
btcusdt,108159.99000000,2025-08-29T18:37:06.146Z,0.00005000
btcusdt,108159.99000000,2025-08-29T18:37:06.146Z,0.00005000
btcusdt,108159.99000000,2025-08-29T18:37:06.146Z,0.00005000
btcusdt,108159.99000000,2025-08-29T18:37:06.146Z,0.00005000
btcusdt,108159.99000000,2025-08-29T18:37:06.146Z,0.00005000
btcusdt,108159.99000000,2025-08-29T18:37:06.146Z,0.00005000
btcusdt,108159.95000000,2025-08-29T18:37:06.146Z,0.00157000
btcusdt,108159.95000000,2025-08-29T18:37:06.146Z,0.00157000
btcusdt,108159.95000000,2025-08-29T18:37:06.146Z,0.00157000
btcusdt,108159.48000000,2025-08-29T18:37:06.146Z,0.00122000
btcusdt,108159.48000000,2025-08-29T18:37:06.146Z,0.00122000
btcusdt,108159.48000000,2025-08-29T18:37:06.146Z,0.00122000
btcusdt,108159.18000000,2025-08-29T18:37:06.146Z,0.00017000
btcusdt,108159.18000000,2025-08-29T18:37:06.146Z,0.00017000
btcusdt,108159.18000000,2025-08-29T18:37:06.146Z,0.00017000
btcusdt,108158.39000000,2025-08-29T18:37:06.146Z,0.00005000
btcusdt,108158.39000000,2025-08-29T18:37:06.146Z,0.00005000
btcusdt,108158.39000000,2025-08-29T18:37:06.146Z,0.00005000
btcusdt,108158.18000000,2025-08-29T18:37:06.146Z,0.00007000
btcusdt,108158.18000000,2025-08-29T18:37:06.146Z,0.00007000
btcusdt,108158.18000000,2025-08-29T18:37:06.146Z,0.00007000
btcusdt,108157.40000000,2025-08-29T18:37:06.146Z,0.00005000
btcusdt,108157.40000000,2025-08-29T18:37:06.146Z,0.00005000
btcusdt,108157.40000000,2025-08-29T18:37:06.146Z,0.00005000
btcusdt,108157.40000000,2025-08-29T18:37:06.146Z,0.00005000
btcusdt,108157.40000000,2025-08-29T18:37:06.146Z,0.00005000
btcusdt,108157.40000000,2025-08-29T18:37:06.146Z,0.00005000
btcusdt,108157.40000000,2025-08-29T18:37:06.146Z,0.00005000
btcusdt,108157.40000000,2025-08-29T18:37:06.146Z,0.00005000
btcusdt,108157.40000000,2025-08-29T18:37:06.146Z,0.00005000
btcusdt,108157.40000000,2025-08-29T18:37:06.333Z,0.00244000
btcusdt,108157.40000000,2025-08-29T18:37:06.333Z,0.00244000
btcusdt,108157.40000000,2025-08-29T18:37:06.333Z,0.00244000
btcusdt,108157.39000000,2025-08-29T18:37:06.985Z,0.00005000
btcusdt,108157.39000000,2025-08-29T18:37:06.985Z,0.00005000
btcusdt,108157.39000000,2025-08-29T18:37:06.985Z,0.00005000
btcusdt,108157.39000000,2025-08-29T18:37:06.985Z,0.00001000
btcusdt,108157.39000000,2025-08-29T18:37:06.985Z,0.00001000
btcusdt,108157.39000000,2025-08-29T18:37:06.985Z,0.00001000
btcusdt,108157.40000000,2025-08-29T18:37:07.070Z,0.00023000
btcusdt,108157.40000000,2025-08-29T18:37:07.070Z,0.00023000
btcusdt,108157.40000000,2025-08-29T18:37:07.070Z,0.00023000
btcusdt,108157.40000000,2025-08-29T18:37:07.460Z,0.00093000
btcusdt,108157.40000000,2025-08-29T18:37:07.460Z,0.00093000
btcusdt,108157.40000000,2025-08-29T18:37:07.460Z,0.00093000
btcusdt,108157.39000000,2025-08-29T18:37:08.864Z,0.00004000
btcusdt,108157.39000000,2025-08-29T18:37:08.864Z,0.00004000
btcusdt,108157.39000000,2025-08-29T18:37:08.864Z,0.00004000
btcusdt,108157.39000000,2025-08-29T18:37:08.864Z,0.00005000
btcusdt,108157.39000000,2025-08-29T18:37:08.864Z,0.00005000
btcusdt,108157.39000000,2025-08-29T18:37:08.864Z,0.00005000
btcusdt,108157.39000000,2025-08-29T18:37:08.864Z,0.00005000
btcusdt,108157.39000000,2025-08-29T18:37:08.864Z,0.00005000
btcusdt,108157.39000000,2025-08-29T18:37:08.864Z,0.00005000
btcusdt,108157.39000000,2025-08-29T18:37:08.864Z,0.00005000
btcusdt,108157.39000000,2025-08-29T18:37:08.864Z,0.00005000
btcusdt,108157.39000000,2025-08-29T18:37:08.864Z,0.00005000
btcusdt,108157.39000000,2025-08-29T18:37:08.864Z,0.00005000
btcusdt,108157.39000000,2025-08-29T18:37:08.864Z,0.00005000
btcusdt,108157.39000000,2025-08-29T18:37:08.864Z,0.00005000
btcusdt,108157.39000000,2025-08-29T18:37:08.864Z,0.00093000
btcusdt,108157.39000000,2025-08-29T18:37:08.864Z,0.00093000
btcusdt,108157.39000000,2025-08-29T18:37:08.864Z,0.00093000
btcusdt,108157.39000000,2025-08-29T18:37:08.864Z,0.00005000
btcusdt,108157.39000000,2025-08-29T18:37:08.864Z,0.00005000
btcusdt,108157.39000000,2025-08-29T18:37:08.864Z,0.00005000
btcusdt,108157.39000000,2025-08-29T18:37:08.864Z,0.00005000
btcusdt,108157.39000000,2025-08-29T18:37:08.864Z,0.00005000
btcusdt,108157.39000000,2025-08-29T18:37:08.864Z,0.00005000
btcusdt,108157.39000000,2025-08-29T18:37:08.864Z,0.00146000
btcusdt,108157.39000000,2025-08-29T18:37:08.864Z,0.00146000
btcusdt,108157.39000000,2025-08-29T18:37:08.864Z,0.00146000
btcusdt,108157.40000000,2025-08-29T18:37:09.059Z,0.00005000
btcusdt,108157.40000000,2025-08-29T18:37:09.059Z,0.00005000
btcusdt,108157.40000000,2025-08-29T18:37:09.059Z,0.00005000
btcusdt,108157.40000000,2025-08-29T18:37:09.111Z,0.00197000
btcusdt,108157.40000000,2025-08-29T18:37:09.111Z,0.00197000
btcusdt,108157.40000000,2025-08-29T18:37:09.111Z,0.00197000
btcusdt,108157.40000000,2025-08-29T18:37:09.648Z,0.00032000
btcusdt,108157.40000000,2025-08-29T18:37:09.648Z,0.00032000
btcusdt,108157.40000000,2025-08-29T18:37:09.648Z,0.00032000
btcusdt,108157.40000000,2025-08-29T18:37:09.675Z,0.01448000
btcusdt,108157.40000000,2025-08-29T18:37:09.675Z,0.01448000
btcusdt,108157.40000000,2025-08-29T18:37:09.675Z,0.01448000
btcusdt,108157.40000000,2025-08-29T18:37:10.260Z,0.00017000
btcusdt,108157.40000000,2025-08-29T18:37:10.260Z,0.00017000
btcusdt,108157.40000000,2025-08-29T18:37:10.260Z,0.00017000
btcusdt,108157.40000000,2025-08-29T18:37:10.418Z,0.08747000
btcusdt,108157.40000000,2025-08-29T18:37:10.418Z,0.08747000
btcusdt,108157.40000000,2025-08-29T18:37:10.418Z,0.08747000
btcusdt,108157.40000000,2025-08-29T18:37:10.418Z,0.00065000
btcusdt,108157.40000000,2025-08-29T18:37:10.418Z,0.00065000
btcusdt,108157.40000000,2025-08-29T18:37:10.418Z,0.00065000
btcusdt,108157.40000000,2025-08-29T18:37:10.418Z,0.01188000
btcusdt,108157.40000000,2025-08-29T18:37:10.418Z,0.01188000
btcusdt,108157.40000000,2025-08-29T18:37:10.418Z,0.01188000
btcusdt,108157.39000000,2025-08-29T18:37:10.562Z,0.22414000
btcusdt,108157.39000000,2025-08-29T18:37:10.562Z,0.22414000
btcusdt,108157.39000000,2025-08-29T18:37:10.562Z,0.22414000
btcusdt,108157.39000000,2025-08-29T18:37:10.562Z,0.05925000
btcusdt,108157.39000000,2025-08-29T18:37:10.562Z,0.05925000
btcusdt,108157.39000000,2025-08-29T18:37:10.562Z,0.05925000
btcusdt,108157.39000000,2025-08-29T18:37:10.562Z,0.00005000
btcusdt,108157.39000000,2025-08-29T18:37:10.562Z,0.00005000
btcusdt,108157.39000000,2025-08-29T18:37:10.562Z,0.00005000
btcusdt,108157.39000000,2025-08-29T18:37:10.562Z,0.00005000
btcusdt,108157.39000000,2025-08-29T18:37:10.562Z,0.00005000
btcusdt,108157.39000000,2025-08-29T18:37:10.562Z,0.00005000
btcusdt,108157.39000000,2025-08-29T18:37:10.562Z,0.00005000
btcusdt,108157.39000000,2025-08-29T18:37:10.562Z,0.00005000
btcusdt,108157.39000000,2025-08-29T18:37:10.562Z,0.00005000
btcusdt,108157.39000000,2025-08-29T18:37:10.562Z,0.02400000
btcusdt,108157.39000000,2025-08-29T18:37:10.562Z,0.02400000
btcusdt,108157.39000000,2025-08-29T18:37:10.562Z,0.02400000
btcusdt,108157.39000000,2025-08-29T18:37:10.562Z,0.00090000
btcusdt,108157.39000000,2025-08-29T18:37:10.562Z,0.00090000
btcusdt,108157.39000000,2025-08-29T18:37:10.562Z,0.00090000
btcusdt,108157.39000000,2025-08-29T18:37:10.562Z,0.00005000
btcusdt,108157.39000000,2025-08-29T18:37:10.562Z,0.00005000
btcusdt,108157.39000000,2025-08-29T18:37:10.562Z,0.00005000
btcusdt,108157.39000000,2025-08-29T18:37:10.562Z,0.00005000
btcusdt,108157.39000000,2025-08-29T18:37:10.562Z,0.00005000
btcusdt,108157.39000000,2025-08-29T18:37:10.562Z,0.00005000
btcusdt,108157.39000000,2025-08-29T18:37:10.562Z,0.00005000
btcusdt,108157.39000000,2025-08-29T18:37:10.562Z,0.00005000
btcusdt,108157.39000000,2025-08-29T18:37:10.562Z,0.00005000
btcusdt,108157.39000000,2025-08-29T18:37:10.562Z,0.00005000
btcusdt,108157.39000000,2025-08-29T18:37:10.562Z,0.00005000
btcusdt,108157.39000000,2025-08-29T18:37:10.562Z,0.00005000
btcusdt,108157.39000000,2025-08-29T18:37:10.562Z,0.59811000
btcusdt,108157.39000000,2025-08-29T18:37:10.562Z,0.59811000
btcusdt,108157.39000000,2025-08-29T18:37:10.562Z,0.59811000
btcusdt,108157.39000000,2025-08-29T18:37:10.562Z,0.00005000
btcusdt,108157.39000000,2025-08-29T18:37:10.562Z,0.00005000
btcusdt,108157.39000000,2025-08-29T18:37:10.562Z,0.00005000
btcusdt,108157.39000000,2025-08-29T18:37:10.562Z,0.00033000
btcusdt,108157.39000000,2025-08-29T18:37:10.562Z,0.00033000
btcusdt,108157.39000000,2025-08-29T18:37:10.562Z,0.00033000
btcusdt,108157.39000000,2025-08-29T18:37:10.562Z,0.00005000
btcusdt,108157.39000000,2025-08-29T18:37:10.562Z,0.00005000
btcusdt,108157.39000000,2025-08-29T18:37:10.562Z,0.00005000
btcusdt,108157.39000000,2025-08-29T18:37:10.562Z,0.00005000
btcusdt,108157.39000000,2025-08-29T18:37:10.562Z,0.00005000
btcusdt,108157.39000000,2025-08-29T18:37:10.562Z,0.00005000
btcusdt,108157.39000000,2025-08-29T18:37:10.562Z,0.00005000
btcusdt,108157.39000000,2025-08-29T18:37:10.562Z,0.00005000
btcusdt,108157.39000000,2025-08-29T18:37:10.562Z,0.00005000
btcusdt,108157.39000000,2025-08-29T18:37:10.562Z,0.00005000
btcusdt,108157.39000000,2025-08-29T18:37:10.562Z,0.00005000
btcusdt,108157.39000000,2025-08-29T18:37:10.562Z,0.00005000
btcusdt,108157.39000000,2025-08-29T18:37:10.562Z,0.00005000
btcusdt,108157.39000000,2025-08-29T18:37:10.562Z,0.00005000
btcusdt,108157.39000000,2025-08-29T18:37:10.562Z,0.00005000
btcusdt,108157.39000000,2025-08-29T18:37:10.562Z,0.00005000
btcusdt,108157.39000000,2025-08-29T18:37:10.562Z,0.00005000
btcusdt,108157.39000000,2025-08-29T18:37:10.562Z,0.00005000
btcusdt,108157.39000000,2025-08-29T18:37:10.562Z,0.00014000
btcusdt,108157.39000000,2025-08-29T18:37:10.562Z,0.00014000
btcusdt,108157.39000000,2025-08-29T18:37:10.562Z,0.00014000
btcusdt,108157.39000000,2025-08-29T18:37:10.562Z,0.00069000
btcusdt,108157.39000000,2025-08-29T18:37:10.562Z,0.00069000
btcusdt,108157.39000000,2025-08-29T18:37:10.562Z,0.00069000
btcusdt,108157.39000000,2025-08-29T18:37:10.562Z,0.24320000
btcusdt,108157.39000000,2025-08-29T18:37:10.562Z,0.24320000
btcusdt,108157.39000000,2025-08-29T18:37:10.562Z,0.24320000
btcusdt,108157.40000000,2025-08-29T18:37:10.617Z,0.46898000
btcusdt,108157.40000000,2025-08-29T18:37:10.617Z,0.46898000
btcusdt,108157.40000000,2025-08-29T18:37:10.617Z,0.46898000
btcusdt,108157.40000000,2025-08-29T18:37:10.617Z,0.03103000
btcusdt,108157.40000000,2025-08-29T18:37:10.617Z,0.03103000
btcusdt,108157.40000000,2025-08-29T18:37:10.617Z,0.03103000
btcusdt,108157.40000000,2025-08-29T18:37:12.063Z,0.00011000
btcusdt,108157.40000000,2025-08-29T18:37:12.063Z,0.00011000
btcusdt,108157.40000000,2025-08-29T18:37:12.063Z,0.00011000
btcusdt,108157.40000000,2025-08-29T18:37:12.959Z,0.00241000
btcusdt,108157.40000000,2025-08-29T18:37:12.959Z,0.00241000
btcusdt,108157.40000000,2025-08-29T18:37:12.959Z,0.00241000
btcusdt,108157.40000000,2025-08-29T18:37:13.317Z,0.00196000
btcusdt,108157.40000000,2025-08-29T18:37:13.317Z,0.00196000
btcusdt,108157.40000000,2025-08-29T18:37:13.317Z,0.00196000
btcusdt,108157.39000000,2025-08-29T18:37:13.551Z,0.00740000
btcusdt,108157.39000000,2025-08-29T18:37:13.551Z,0.00740000
btcusdt,108157.39000000,2025-08-29T18:37:13.551Z,0.00740000
btcusdt,108157.40000000,2025-08-29T18:37:13.580Z,0.00020000
btcusdt,108157.40000000,2025-08-29T18:37:13.580Z,0.00020000
btcusdt,108157.40000000,2025-08-29T18:37:13.580Z,0.00020000
btcusdt,108157.40000000,2025-08-29T18:37:13.956Z,0.00006000
btcusdt,108157.40000000,2025-08-29T18:37:13.956Z,0.00006000
btcusdt,108157.40000000,2025-08-29T18:37:13.956Z,0.00006000
btcusdt,108157.40000000,2025-08-29T18:37:14.606Z,0.00006000
btcusdt,108157.40000000,2025-08-29T18:37:14.606Z,0.00006000
btcusdt,108157.40000000,2025-08-29T18:37:14.606Z,0.00006000
btcusdt,108157.39000000,2025-08-29T18:37:14.740Z,0.00064000
btcusdt,108157.39000000,2025-08-29T18:37:14.740Z,0.00064000
btcusdt,108157.39000000,2025-08-29T18:37:14.740Z,0.00064000
btcusdt,108157.39000000,2025-08-29T18:37:16.238Z,0.00006000
btcusdt,108157.39000000,2025-08-29T18:37:16.238Z,0.00006000
btcusdt,108157.39000000,2025-08-29T18:37:16.238Z,0.00006000
btcusdt,108157.40000000,2025-08-29T18:37:16.965Z,0.00227000
btcusdt,108157.40000000,2025-08-29T18:37:16.965Z,0.00227000
btcusdt,108157.40000000,2025-08-29T18:37:16.965Z,0.00227000
btcusdt,108157.39000000,2025-08-29T18:37:17.417Z,0.00006000
btcusdt,108157.39000000,2025-08-29T18:37:17.417Z,0.00006000
btcusdt,108157.39000000,2025-08-29T18:37:17.417Z,0.00006000
btcusdt,108157.39000000,2025-08-29T18:37:17.858Z,0.00338000
btcusdt,108157.39000000,2025-08-29T18:37:17.858Z,0.00338000
btcusdt,108157.39000000,2025-08-29T18:37:17.858Z,0.00338000
btcusdt,108157.40000000,2025-08-29T18:37:18.148Z,0.00005000
btcusdt,108157.40000000,2025-08-29T18:37:18.148Z,0.00005000
btcusdt,108157.40000000,2025-08-29T18:37:18.148Z,0.00005000
btcusdt,108157.39000000,2025-08-29T18:37:18.862Z,0.00018000
btcusdt,108157.39000000,2025-08-29T18:37:18.862Z,0.00018000
btcusdt,108157.39000000,2025-08-29T18:37:18.862Z,0.00018000
btcusdt,108157.40000000,2025-08-29T18:37:19.710Z,0.02311000
btcusdt,108157.40000000,2025-08-29T18:37:19.710Z,0.02311000
btcusdt,108157.40000000,2025-08-29T18:37:19.710Z,0.02311000
btcusdt,108157.39000000,2025-08-29T18:37:20.412Z,0.00099000
btcusdt,108157.39000000,2025-08-29T18:37:20.412Z,0.00099000
btcusdt,108157.39000000,2025-08-29T18:37:20.412Z,0.00099000
btcusdt,108157.40000000,2025-08-29T18:37:20.656Z,0.07490000
btcusdt,108157.40000000,2025-08-29T18:37:20.656Z,0.07490000
btcusdt,108157.40000000,2025-08-29T18:37:20.656Z,0.07490000
btcusdt,108157.40000000,2025-08-29T18:37:20.656Z,0.00069000
btcusdt,108157.40000000,2025-08-29T18:37:20.656Z,0.00069000
btcusdt,108157.40000000,2025-08-29T18:37:20.656Z,0.00069000
btcusdt,108157.40000000,2025-08-29T18:37:20.656Z,0.00069000
btcusdt,108157.40000000,2025-08-29T18:37:20.656Z,0.00069000
btcusdt,108157.40000000,2025-08-29T18:37:20.656Z,0.00069000
btcusdt,108157.40000000,2025-08-29T18:37:20.656Z,0.00005000
btcusdt,108157.40000000,2025-08-29T18:37:20.656Z,0.00005000
btcusdt,108157.40000000,2025-08-29T18:37:20.656Z,0.00005000
btcusdt,108157.40000000,2025-08-29T18:37:20.656Z,0.00987000
btcusdt,108157.40000000,2025-08-29T18:37:20.656Z,0.00987000
btcusdt,108157.40000000,2025-08-29T18:37:20.656Z,0.00987000
btcusdt,108157.40000000,2025-08-29T18:37:20.656Z,0.00011000
btcusdt,108157.40000000,2025-08-29T18:37:20.656Z,0.00011000
btcusdt,108157.40000000,2025-08-29T18:37:20.656Z,0.00011000
btcusdt,108157.40000000,2025-08-29T18:37:20.656Z,0.00006000
btcusdt,108157.40000000,2025-08-29T18:37:20.656Z,0.00006000
btcusdt,108157.40000000,2025-08-29T18:37:20.656Z,0.00006000
btcusdt,108157.40000000,2025-08-29T18:37:20.656Z,0.00005000
btcusdt,108157.40000000,2025-08-29T18:37:20.656Z,0.00005000
btcusdt,108157.40000000,2025-08-29T18:37:20.656Z,0.00005000
btcusdt,108157.40000000,2025-08-29T18:37:20.656Z,0.00005000
btcusdt,108157.40000000,2025-08-29T18:37:20.656Z,0.00005000
btcusdt,108157.40000000,2025-08-29T18:37:20.656Z,0.00005000
btcusdt,108157.40000000,2025-08-29T18:37:20.656Z,0.00005000
btcusdt,108157.40000000,2025-08-29T18:37:20.656Z,0.00005000
btcusdt,108157.40000000,2025-08-29T18:37:20.656Z,0.00005000
btcusdt,108157.40000000,2025-08-29T18:37:20.656Z,0.00005000
btcusdt,108157.40000000,2025-08-29T18:37:20.656Z,0.00005000
btcusdt,108157.40000000,2025-08-29T18:37:20.656Z,0.00005000
btcusdt,108157.40000000,2025-08-29T18:37:20.656Z,0.00017000
btcusdt,108157.40000000,2025-08-29T18:37:20.656Z,0.00017000
btcusdt,108157.40000000,2025-08-29T18:37:20.656Z,0.00017000
btcusdt,108157.40000000,2025-08-29T18:37:20.656Z,0.01186000
btcusdt,108157.40000000,2025-08-29T18:37:20.656Z,0.01186000
btcusdt,108157.40000000,2025-08-29T18:37:20.656Z,0.01186000
btcusdt,108157.40000000,2025-08-29T18:37:20.656Z,0.00033000
btcusdt,108157.40000000,2025-08-29T18:37:20.656Z,0.00033000
btcusdt,108157.40000000,2025-08-29T18:37:20.656Z,0.00033000
btcusdt,108157.40000000,2025-08-29T18:37:20.656Z,0.00005000
btcusdt,108157.40000000,2025-08-29T18:37:20.656Z,0.00005000
btcusdt,108157.40000000,2025-08-29T18:37:20.656Z,0.00005000
btcusdt,108157.40000000,2025-08-29T18:37:20.656Z,0.00005000
btcusdt,108157.40000000,2025-08-29T18:37:20.656Z,0.00005000
btcusdt,108157.40000000,2025-08-29T18:37:20.656Z,0.00005000
btcusdt,108157.40000000,2025-08-29T18:37:20.656Z,0.00005000
btcusdt,108157.40000000,2025-08-29T18:37:20.656Z,0.00005000
btcusdt,108157.40000000,2025-08-29T18:37:20.656Z,0.00005000
btcusdt,108157.40000000,2025-08-29T18:37:20.656Z,0.00005000
btcusdt,108157.40000000,2025-08-29T18:37:20.656Z,0.00005000
btcusdt,108157.40000000,2025-08-29T18:37:20.656Z,0.00005000
btcusdt,108157.40000000,2025-08-29T18:37:20.656Z,0.00005000
btcusdt,108157.40000000,2025-08-29T18:37:20.656Z,0.00005000
btcusdt,108157.40000000,2025-08-29T18:37:20.656Z,0.00005000
btcusdt,108157.40000000,2025-08-29T18:37:20.656Z,0.00005000
btcusdt,108157.40000000,2025-08-29T18:37:20.656Z,0.00005000
btcusdt,108157.40000000,2025-08-29T18:37:20.656Z,0.00005000
btcusdt,108157.40000000,2025-08-29T18:37:20.656Z,0.00005000
btcusdt,108157.40000000,2025-08-29T18:37:20.656Z,0.00005000
btcusdt,108157.40000000,2025-08-29T18:37:20.656Z,0.00005000
btcusdt,108157.40000000,2025-08-29T18:37:20.656Z,0.00005000
btcusdt,108157.40000000,2025-08-29T18:37:20.656Z,0.00005000
btcusdt,108157.40000000,2025-08-29T18:37:20.656Z,0.00005000
btcusdt,108157.40000000,2025-08-29T18:37:20.656Z,0.00005000
btcusdt,108157.40000000,2025-08-29T18:37:20.656Z,0.00005000
btcusdt,108157.40000000,2025-08-29T18:37:20.656Z,0.00005000
btcusdt,108157.40000000,2025-08-29T18:37:20.656Z,0.00005000
btcusdt,108157.40000000,2025-08-29T18:37:20.656Z,0.00005000
btcusdt,108157.40000000,2025-08-29T18:37:20.656Z,0.00005000
btcusdt,108157.40000000,2025-08-29T18:37:20.656Z,0.00170000
btcusdt,108157.40000000,2025-08-29T18:37:20.656Z,0.00170000
btcusdt,108157.40000000,2025-08-29T18:37:20.656Z,0.00170000
btcusdt,108157.40000000,2025-08-29T18:37:20.656Z,0.00005000
btcusdt,108157.40000000,2025-08-29T18:37:20.656Z,0.00005000
btcusdt,108157.40000000,2025-08-29T18:37:20.656Z,0.00005000
btcusdt,108157.40000000,2025-08-29T18:37:20.656Z,0.00005000
btcusdt,108157.40000000,2025-08-29T18:37:20.656Z,0.00005000
btcusdt,108157.40000000,2025-08-29T18:37:20.656Z,0.00005000
btcusdt,108157.40000000,2025-08-29T18:37:20.656Z,0.00005000
btcusdt,108157.40000000,2025-08-29T18:37:20.656Z,0.00005000
btcusdt,108157.40000000,2025-08-29T18:37:20.656Z,0.00005000
btcusdt,108157.40000000,2025-08-29T18:37:20.656Z,0.00005000
btcusdt,108157.40000000,2025-08-29T18:37:20.656Z,0.00005000
btcusdt,108157.40000000,2025-08-29T18:37:20.656Z,0.00005000
btcusdt,108157.41000000,2025-08-29T18:37:20.656Z,0.00005000
btcusdt,108157.41000000,2025-08-29T18:37:20.656Z,0.00005000
btcusdt,108157.41000000,2025-08-29T18:37:20.656Z,0.00005000
btcusdt,108157.41000000,2025-08-29T18:37:20.656Z,0.00005000
btcusdt,108157.41000000,2025-08-29T18:37:20.656Z,0.00005000
btcusdt,108157.41000000,2025-08-29T18:37:20.656Z,0.00005000
btcusdt,108157.41000000,2025-08-29T18:37:20.656Z,0.00005000
btcusdt,108157.41000000,2025-08-29T18:37:20.656Z,0.00005000
btcusdt,108157.41000000,2025-08-29T18:37:20.656Z,0.00005000
btcusdt,108157.41000000,2025-08-29T18:37:20.656Z,0.00005000
btcusdt,108157.41000000,2025-08-29T18:37:20.656Z,0.00005000
btcusdt,108157.41000000,2025-08-29T18:37:20.656Z,0.00005000
btcusdt,108157.41000000,2025-08-29T18:37:20.656Z,0.00005000
btcusdt,108157.41000000,2025-08-29T18:37:20.656Z,0.00005000
btcusdt,108157.41000000,2025-08-29T18:37:20.656Z,0.00005000
btcusdt,108157.41000000,2025-08-29T18:37:20.656Z,0.00005000
btcusdt,108157.41000000,2025-08-29T18:37:20.656Z,0.00005000
btcusdt,108157.41000000,2025-08-29T18:37:20.656Z,0.00005000
btcusdt,108157.41000000,2025-08-29T18:37:20.656Z,0.00005000
btcusdt,108157.41000000,2025-08-29T18:37:20.656Z,0.00005000
btcusdt,108157.41000000,2025-08-29T18:37:20.656Z,0.00005000
btcusdt,108157.41000000,2025-08-29T18:37:20.656Z,0.00005000
btcusdt,108157.41000000,2025-08-29T18:37:20.656Z,0.00005000
btcusdt,108157.41000000,2025-08-29T18:37:20.656Z,0.00005000
btcusdt,108157.41000000,2025-08-29T18:37:20.656Z,0.00005000
btcusdt,108157.41000000,2025-08-29T18:37:20.656Z,0.00005000
btcusdt,108157.41000000,2025-08-29T18:37:20.656Z,0.00005000
btcusdt,108157.41000000,2025-08-29T18:37:20.656Z,0.00005000
btcusdt,108157.41000000,2025-08-29T18:37:20.656Z,0.00005000
btcusdt,108157.41000000,2025-08-29T18:37:20.656Z,0.00005000
btcusdt,108157.41000000,2025-08-29T18:37:20.656Z,0.00005000
btcusdt,108157.41000000,2025-08-29T18:37:20.656Z,0.00005000
btcusdt,108157.41000000,2025-08-29T18:37:20.656Z,0.00005000
btcusdt,108157.41000000,2025-08-29T18:37:20.656Z,0.00005000
btcusdt,108157.41000000,2025-08-29T18:37:20.656Z,0.00005000
btcusdt,108157.41000000,2025-08-29T18:37:20.656Z,0.00005000
btcusdt,108157.41000000,2025-08-29T18:37:20.658Z,0.00005000
btcusdt,108157.41000000,2025-08-29T18:37:20.658Z,0.00005000
btcusdt,108157.41000000,2025-08-29T18:37:20.658Z,0.00005000
btcusdt,108157.41000000,2025-08-29T18:37:20.658Z,0.00005000
btcusdt,108157.41000000,2025-08-29T18:37:20.658Z,0.00005000
btcusdt,108157.41000000,2025-08-29T18:37:20.658Z,0.00005000
btcusdt,108158.38000000,2025-08-29T18:37:20.658Z,0.00005000
btcusdt,108158.38000000,2025-08-29T18:37:20.658Z,0.00005000
btcusdt,108158.38000000,2025-08-29T18:37:20.658Z,0.00005000
btcusdt,108160.01000000,2025-08-29T18:37:20.661Z,0.00555000
btcusdt,108160.01000000,2025-08-29T18:37:20.661Z,0.00555000
btcusdt,108160.01000000,2025-08-29T18:37:20.661Z,0.00555000
btcusdt,108161.43000000,2025-08-29T18:37:20.661Z,0.00005000
btcusdt,108161.43000000,2025-08-29T18:37:20.661Z,0.00005000
btcusdt,108161.43000000,2025-08-29T18:37:20.661Z,0.00005000
btcusdt,108162.59000000,2025-08-29T18:37:20.661Z,0.00005000
btcusdt,108162.59000000,2025-08-29T18:37:20.661Z,0.00005000
btcusdt,108162.59000000,2025-08-29T18:37:20.661Z,0.00005000
btcusdt,108163.51000000,2025-08-29T18:37:20.661Z,0.00005000
btcusdt,108163.51000000,2025-08-29T18:37:20.661Z,0.00005000
btcusdt,108163.51000000,2025-08-29T18:37:20.661Z,0.00005000
btcusdt,108163.51000000,2025-08-29T18:37:20.661Z,0.00005000
btcusdt,108163.51000000,2025-08-29T18:37:20.661Z,0.00005000
btcusdt,108163.51000000,2025-08-29T18:37:20.661Z,0.00005000
btcusdt,108163.51000000,2025-08-29T18:37:20.661Z,0.00005000
btcusdt,108163.51000000,2025-08-29T18:37:20.661Z,0.00005000
btcusdt,108163.51000000,2025-08-29T18:37:20.661Z,0.00005000
btcusdt,108163.52000000,2025-08-29T18:37:21.058Z,0.00005000
btcusdt,108163.52000000,2025-08-29T18:37:21.058Z,0.00005000
btcusdt,108163.52000000,2025-08-29T18:37:21.058Z,0.00005000
btcusdt,108163.52000000,2025-08-29T18:37:21.058Z,0.00005000
btcusdt,108163.52000000,2025-08-29T18:37:21.058Z,0.00005000
btcusdt,108163.52000000,2025-08-29T18:37:21.058Z,0.00005000
btcusdt,108163.52000000,2025-08-29T18:37:21.058Z,0.00005000
btcusdt,108163.52000000,2025-08-29T18:37:21.058Z,0.00005000
btcusdt,108163.52000000,2025-08-29T18:37:21.058Z,0.00005000
btcusdt,108163.52000000,2025-08-29T18:37:21.058Z,0.00005000
btcusdt,108163.52000000,2025-08-29T18:37:21.058Z,0.00005000
btcusdt,108163.52000000,2025-08-29T18:37:21.058Z,0.00005000
btcusdt,108163.52000000,2025-08-29T18:37:21.058Z,0.00005000
btcusdt,108163.52000000,2025-08-29T18:37:21.058Z,0.00005000
btcusdt,108163.52000000,2025-08-29T18:37:21.058Z,0.00005000
btcusdt,108163.52000000,2025-08-29T18:37:21.058Z,0.00005000
btcusdt,108163.52000000,2025-08-29T18:37:21.058Z,0.00005000
btcusdt,108163.52000000,2025-08-29T18:37:21.058Z,0.00005000
btcusdt,108163.52000000,2025-08-29T18:37:21.058Z,0.00005000
btcusdt,108163.52000000,2025-08-29T18:37:21.058Z,0.00005000
btcusdt,108163.52000000,2025-08-29T18:37:21.058Z,0.00005000
btcusdt,108163.52000000,2025-08-29T18:37:21.058Z,0.00005000
btcusdt,108163.52000000,2025-08-29T18:37:21.058Z,0.00005000
btcusdt,108163.52000000,2025-08-29T18:37:21.058Z,0.00005000
btcusdt,108163.52000000,2025-08-29T18:37:21.058Z,0.00005000
btcusdt,108163.52000000,2025-08-29T18:37:21.058Z,0.00005000
btcusdt,108163.52000000,2025-08-29T18:37:21.058Z,0.00005000
btcusdt,108163.52000000,2025-08-29T18:37:21.058Z,0.00005000
btcusdt,108163.52000000,2025-08-29T18:37:21.058Z,0.00005000
btcusdt,108163.52000000,2025-08-29T18:37:21.058Z,0.00005000
btcusdt,108163.52000000,2025-08-29T18:37:21.058Z,0.00005000
btcusdt,108163.52000000,2025-08-29T18:37:21.058Z,0.00005000
btcusdt,108163.52000000,2025-08-29T18:37:21.058Z,0.00005000
btcusdt,108163.52000000,2025-08-29T18:37:21.058Z,0.00226000
btcusdt,108163.52000000,2025-08-29T18:37:21.058Z,0.00226000
btcusdt,108163.52000000,2025-08-29T18:37:21.058Z,0.00226000
btcusdt,108163.51000000,2025-08-29T18:37:21.111Z,0.00009000
btcusdt,108163.51000000,2025-08-29T18:37:21.111Z,0.00009000
btcusdt,108163.51000000,2025-08-29T18:37:21.111Z,0.00009000
btcusdt,108163.52000000,2025-08-29T18:37:21.154Z,0.00924000
btcusdt,108163.52000000,2025-08-29T18:37:21.154Z,0.00924000
btcusdt,108163.52000000,2025-08-29T18:37:21.154Z,0.00924000
btcusdt,108163.52000000,2025-08-29T18:37:21.189Z,0.00093000
btcusdt,108163.52000000,2025-08-29T18:37:21.189Z,0.00093000
btcusdt,108163.52000000,2025-08-29T18:37:21.189Z,0.00093000
btcusdt,108163.52000000,2025-08-29T18:37:21.202Z,0.00045000
btcusdt,108163.52000000,2025-08-29T18:37:21.202Z,0.00045000
btcusdt,108163.52000000,2025-08-29T18:37:21.202Z,0.00045000
btcusdt,108163.51000000,2025-08-29T18:37:21.231Z,0.00104000
btcusdt,108163.51000000,2025-08-29T18:37:21.231Z,0.00104000
btcusdt,108163.51000000,2025-08-29T18:37:21.231Z,0.00104000
btcusdt,108163.52000000,2025-08-29T18:37:21.378Z,0.00075000
btcusdt,108163.52000000,2025-08-29T18:37:21.378Z,0.00075000
btcusdt,108163.52000000,2025-08-29T18:37:21.378Z,0.00075000
btcusdt,108163.52000000,2025-08-29T18:37:21.643Z,0.00006000
btcusdt,108163.52000000,2025-08-29T18:37:21.643Z,0.00006000
btcusdt,108163.52000000,2025-08-29T18:37:21.643Z,0.00006000
btcusdt,108163.51000000,2025-08-29T18:37:21.768Z,0.00009000
btcusdt,108163.51000000,2025-08-29T18:37:21.768Z,0.00009000
btcusdt,108163.51000000,2025-08-29T18:37:21.768Z,0.00009000
btcusdt,108163.52000000,2025-08-29T18:37:22.014Z,0.00019000
btcusdt,108163.52000000,2025-08-29T18:37:22.014Z,0.00019000
btcusdt,108163.52000000,2025-08-29T18:37:22.014Z,0.00019000
btcusdt,108163.52000000,2025-08-29T18:37:23.345Z,0.00018000
btcusdt,108163.52000000,2025-08-29T18:37:23.345Z,0.00018000
btcusdt,108163.52000000,2025-08-29T18:37:23.345Z,0.00018000
btcusdt,108163.51000000,2025-08-29T18:37:23.566Z,0.00207000
btcusdt,108163.51000000,2025-08-29T18:37:23.566Z,0.00207000
btcusdt,108163.51000000,2025-08-29T18:37:23.566Z,0.00207000
btcusdt,108163.52000000,2025-08-29T18:37:24.107Z,0.03233000
btcusdt,108163.52000000,2025-08-29T18:37:24.107Z,0.03233000
btcusdt,108163.52000000,2025-08-29T18:37:24.107Z,0.03233000
btcusdt,108163.52000000,2025-08-29T18:37:24.107Z,0.00008000
btcusdt,108163.52000000,2025-08-29T18:37:24.107Z,0.00008000
btcusdt,108163.52000000,2025-08-29T18:37:24.107Z,0.00008000
btcusdt,108163.52000000,2025-08-29T18:37:24.107Z,0.00005000
btcusdt,108163.52000000,2025-08-29T18:37:24.107Z,0.00005000
btcusdt,108163.52000000,2025-08-29T18:37:24.107Z,0.00005000
btcusdt,108163.52000000,2025-08-29T18:37:24.107Z,0.00005000
btcusdt,108163.52000000,2025-08-29T18:37:24.107Z,0.00005000
btcusdt,108163.52000000,2025-08-29T18:37:24.107Z,0.00005000
btcusdt,108163.52000000,2025-08-29T18:37:24.107Z,0.00005000
btcusdt,108163.52000000,2025-08-29T18:37:24.107Z,0.00005000
btcusdt,108163.52000000,2025-08-29T18:37:24.107Z,0.00005000
btcusdt,108163.52000000,2025-08-29T18:37:24.107Z,0.00005000
btcusdt,108163.52000000,2025-08-29T18:37:24.107Z,0.00005000
btcusdt,108163.52000000,2025-08-29T18:37:24.107Z,0.00005000
btcusdt,108163.52000000,2025-08-29T18:37:24.107Z,0.00070000
btcusdt,108163.52000000,2025-08-29T18:37:24.107Z,0.00070000
btcusdt,108163.52000000,2025-08-29T18:37:24.107Z,0.00070000
btcusdt,108163.52000000,2025-08-29T18:37:24.107Z,0.00068000
btcusdt,108163.52000000,2025-08-29T18:37:24.107Z,0.00068000
btcusdt,108163.52000000,2025-08-29T18:37:24.107Z,0.00068000
btcusdt,108163.52000000,2025-08-29T18:37:24.107Z,0.00005000
btcusdt,108163.52000000,2025-08-29T18:37:24.107Z,0.00005000
btcusdt,108163.52000000,2025-08-29T18:37:24.107Z,0.00005000
btcusdt,108163.52000000,2025-08-29T18:37:24.107Z,0.00005000
btcusdt,108163.52000000,2025-08-29T18:37:24.107Z,0.00005000
btcusdt,108163.52000000,2025-08-29T18:37:24.107Z,0.00005000
btcusdt,108163.52000000,2025-08-29T18:37:24.107Z,0.00005000
btcusdt,108163.52000000,2025-08-29T18:37:24.107Z,0.00005000
btcusdt,108163.52000000,2025-08-29T18:37:24.107Z,0.00005000
btcusdt,108163.52000000,2025-08-29T18:37:24.107Z,0.00005000
btcusdt,108163.52000000,2025-08-29T18:37:24.107Z,0.00005000
btcusdt,108163.52000000,2025-08-29T18:37:24.107Z,0.00005000
btcusdt,108163.52000000,2025-08-29T18:37:24.107Z,0.00005000
btcusdt,108163.52000000,2025-08-29T18:37:24.107Z,0.00005000
btcusdt,108163.52000000,2025-08-29T18:37:24.107Z,0.00005000
btcusdt,108163.52000000,2025-08-29T18:37:24.107Z,0.00005000
btcusdt,108163.52000000,2025-08-29T18:37:24.107Z,0.00005000
btcusdt,108163.52000000,2025-08-29T18:37:24.107Z,0.00005000
btcusdt,108163.52000000,2025-08-29T18:37:24.107Z,0.00736000
btcusdt,108163.52000000,2025-08-29T18:37:24.107Z,0.00736000
btcusdt,108163.52000000,2025-08-29T18:37:24.107Z,0.00736000
btcusdt,108163.52000000,2025-08-29T18:37:24.107Z,0.00005000
btcusdt,108163.52000000,2025-08-29T18:37:24.107Z,0.00005000
btcusdt,108163.52000000,2025-08-29T18:37:24.107Z,0.00005000
btcusdt,108163.52000000,2025-08-29T18:37:24.107Z,0.00005000
btcusdt,108163.52000000,2025-08-29T18:37:24.107Z,0.00005000
btcusdt,108163.52000000,2025-08-29T18:37:24.107Z,0.00005000
btcusdt,108163.52000000,2025-08-29T18:37:24.107Z,0.00005000
btcusdt,108163.52000000,2025-08-29T18:37:24.107Z,0.00005000
btcusdt,108163.52000000,2025-08-29T18:37:24.107Z,0.00005000
btcusdt,108163.52000000,2025-08-29T18:37:24.107Z,0.00005000
btcusdt,108163.52000000,2025-08-29T18:37:24.107Z,0.00005000
btcusdt,108163.52000000,2025-08-29T18:37:24.107Z,0.00005000
btcusdt,108163.52000000,2025-08-29T18:37:24.107Z,0.00005000
btcusdt,108163.52000000,2025-08-29T18:37:24.107Z,0.00005000
btcusdt,108163.52000000,2025-08-29T18:37:24.107Z,0.00005000
btcusdt,108163.52000000,2025-08-29T18:37:24.107Z,0.00005000
btcusdt,108163.52000000,2025-08-29T18:37:24.107Z,0.00005000
btcusdt,108163.52000000,2025-08-29T18:37:24.107Z,0.00005000
btcusdt,108163.52000000,2025-08-29T18:37:24.107Z,0.00005000
btcusdt,108163.52000000,2025-08-29T18:37:24.107Z,0.00005000
btcusdt,108163.52000000,2025-08-29T18:37:24.107Z,0.00005000
btcusdt,108163.52000000,2025-08-29T18:37:24.107Z,0.00005000
btcusdt,108163.52000000,2025-08-29T18:37:24.107Z,0.00005000
btcusdt,108163.52000000,2025-08-29T18:37:24.107Z,0.00005000
btcusdt,108163.53000000,2025-08-29T18:37:24.107Z,0.00005000
btcusdt,108163.53000000,2025-08-29T18:37:24.107Z,0.00005000
btcusdt,108163.53000000,2025-08-29T18:37:24.107Z,0.00005000
btcusdt,108163.53000000,2025-08-29T18:37:24.107Z,0.00005000
btcusdt,108163.53000000,2025-08-29T18:37:24.107Z,0.00005000
btcusdt,108163.53000000,2025-08-29T18:37:24.107Z,0.00005000
btcusdt,108163.53000000,2025-08-29T18:37:24.107Z,0.00005000
btcusdt,108163.53000000,2025-08-29T18:37:24.107Z,0.00005000
btcusdt,108163.53000000,2025-08-29T18:37:24.107Z,0.00005000
btcusdt,108163.53000000,2025-08-29T18:37:24.107Z,0.00005000
btcusdt,108163.53000000,2025-08-29T18:37:24.107Z,0.00005000
btcusdt,108163.53000000,2025-08-29T18:37:24.107Z,0.00005000
btcusdt,108163.53000000,2025-08-29T18:37:24.107Z,0.00005000
btcusdt,108163.53000000,2025-08-29T18:37:24.107Z,0.00005000
btcusdt,108163.53000000,2025-08-29T18:37:24.107Z,0.00005000
btcusdt,108163.53000000,2025-08-29T18:37:24.107Z,0.00005000
btcusdt,108163.53000000,2025-08-29T18:37:24.107Z,0.00005000
btcusdt,108163.53000000,2025-08-29T18:37:24.107Z,0.00005000
btcusdt,108163.53000000,2025-08-29T18:37:24.107Z,0.00005000
btcusdt,108163.53000000,2025-08-29T18:37:24.107Z,0.00005000
btcusdt,108163.53000000,2025-08-29T18:37:24.107Z,0.00005000
btcusdt,108163.53000000,2025-08-29T18:37:24.107Z,0.00005000
btcusdt,108163.53000000,2025-08-29T18:37:24.107Z,0.00005000
btcusdt,108163.53000000,2025-08-29T18:37:24.107Z,0.00005000
btcusdt,108163.53000000,2025-08-29T18:37:24.107Z,0.00005000
btcusdt,108163.53000000,2025-08-29T18:37:24.107Z,0.00005000
btcusdt,108163.53000000,2025-08-29T18:37:24.107Z,0.00005000
btcusdt,108163.53000000,2025-08-29T18:37:24.107Z,0.00005000
btcusdt,108163.53000000,2025-08-29T18:37:24.107Z,0.00005000
btcusdt,108163.53000000,2025-08-29T18:37:24.107Z,0.00005000
btcusdt,108163.53000000,2025-08-29T18:37:24.107Z,0.00005000
btcusdt,108163.53000000,2025-08-29T18:37:24.107Z,0.00005000
btcusdt,108163.53000000,2025-08-29T18:37:24.107Z,0.00005000
btcusdt,108163.53000000,2025-08-29T18:37:24.107Z,0.00005000
btcusdt,108163.53000000,2025-08-29T18:37:24.107Z,0.00005000
btcusdt,108163.53000000,2025-08-29T18:37:24.107Z,0.00005000
btcusdt,108163.53000000,2025-08-29T18:37:24.107Z,0.00005000
btcusdt,108163.53000000,2025-08-29T18:37:24.107Z,0.00005000
btcusdt,108163.53000000,2025-08-29T18:37:24.107Z,0.00005000
btcusdt,108163.53000000,2025-08-29T18:37:24.107Z,0.00005000
btcusdt,108163.53000000,2025-08-29T18:37:24.107Z,0.00005000
btcusdt,108163.53000000,2025-08-29T18:37:24.107Z,0.00005000
btcusdt,108163.53000000,2025-08-29T18:37:24.107Z,0.00005000
btcusdt,108163.53000000,2025-08-29T18:37:24.107Z,0.00005000
btcusdt,108163.53000000,2025-08-29T18:37:24.107Z,0.00005000
btcusdt,108163.55000000,2025-08-29T18:37:24.107Z,0.00218000
btcusdt,108163.55000000,2025-08-29T18:37:24.107Z,0.00218000
btcusdt,108163.55000000,2025-08-29T18:37:24.107Z,0.00218000
btcusdt,108165.64000000,2025-08-29T18:37:24.116Z,0.00005000
btcusdt,108165.64000000,2025-08-29T18:37:24.116Z,0.00005000
btcusdt,108165.64000000,2025-08-29T18:37:24.116Z,0.00005000
btcusdt,108165.64000000,2025-08-29T18:37:24.116Z,0.00005000
btcusdt,108165.64000000,2025-08-29T18:37:24.116Z,0.00005000
btcusdt,108165.64000000,2025-08-29T18:37:24.116Z,0.00005000
btcusdt,108165.64000000,2025-08-29T18:37:24.116Z,0.00005000
btcusdt,108165.64000000,2025-08-29T18:37:24.116Z,0.00005000
btcusdt,108165.64000000,2025-08-29T18:37:24.116Z,0.00005000
btcusdt,108165.64000000,2025-08-29T18:37:24.116Z,0.00005000
btcusdt,108165.64000000,2025-08-29T18:37:24.116Z,0.00005000
btcusdt,108165.64000000,2025-08-29T18:37:24.116Z,0.00005000
btcusdt,108165.64000000,2025-08-29T18:37:24.116Z,0.00005000
btcusdt,108165.64000000,2025-08-29T18:37:24.116Z,0.00005000
btcusdt,108165.64000000,2025-08-29T18:37:24.116Z,0.00005000
btcusdt,108165.64000000,2025-08-29T18:37:24.116Z,0.00005000
btcusdt,108165.64000000,2025-08-29T18:37:24.116Z,0.00005000
btcusdt,108165.64000000,2025-08-29T18:37:24.116Z,0.00005000
btcusdt,108165.64000000,2025-08-29T18:37:24.116Z,0.00005000
btcusdt,108165.64000000,2025-08-29T18:37:24.116Z,0.00005000
btcusdt,108165.64000000,2025-08-29T18:37:24.116Z,0.00005000
btcusdt,108165.64000000,2025-08-29T18:37:24.116Z,0.00005000
btcusdt,108165.64000000,2025-08-29T18:37:24.116Z,0.00005000
btcusdt,108165.64000000,2025-08-29T18:37:24.116Z,0.00005000
btcusdt,108165.64000000,2025-08-29T18:37:24.116Z,0.00005000
btcusdt,108165.64000000,2025-08-29T18:37:24.116Z,0.00005000
btcusdt,108165.64000000,2025-08-29T18:37:24.116Z,0.00005000
btcusdt,108165.64000000,2025-08-29T18:37:24.116Z,0.00005000
btcusdt,108165.64000000,2025-08-29T18:37:24.116Z,0.00005000
btcusdt,108165.64000000,2025-08-29T18:37:24.116Z,0.00005000
btcusdt,108165.64000000,2025-08-29T18:37:24.116Z,0.00005000
btcusdt,108165.64000000,2025-08-29T18:37:24.116Z,0.00005000
btcusdt,108165.64000000,2025-08-29T18:37:24.116Z,0.00005000
btcusdt,108165.64000000,2025-08-29T18:37:24.116Z,0.00005000
btcusdt,108165.64000000,2025-08-29T18:37:24.116Z,0.00005000
btcusdt,108165.64000000,2025-08-29T18:37:24.116Z,0.00005000
btcusdt,108165.64000000,2025-08-29T18:37:24.116Z,0.00005000
btcusdt,108165.64000000,2025-08-29T18:37:24.116Z,0.00005000
btcusdt,108165.64000000,2025-08-29T18:37:24.116Z,0.00005000
btcusdt,108165.64000000,2025-08-29T18:37:24.116Z,0.00005000
btcusdt,108165.64000000,2025-08-29T18:37:24.116Z,0.00005000
btcusdt,108165.64000000,2025-08-29T18:37:24.116Z,0.00005000
btcusdt,108165.64000000,2025-08-29T18:37:24.116Z,0.00005000
btcusdt,108165.64000000,2025-08-29T18:37:24.116Z,0.00005000
btcusdt,108165.64000000,2025-08-29T18:37:24.116Z,0.00005000
btcusdt,108165.64000000,2025-08-29T18:37:24.116Z,0.00005000
btcusdt,108165.64000000,2025-08-29T18:37:24.116Z,0.00005000
btcusdt,108165.64000000,2025-08-29T18:37:24.116Z,0.00005000
btcusdt,108165.64000000,2025-08-29T18:37:24.116Z,0.00005000
btcusdt,108165.64000000,2025-08-29T18:37:24.116Z,0.00005000
btcusdt,108165.64000000,2025-08-29T18:37:24.116Z,0.00005000
btcusdt,108165.64000000,2025-08-29T18:37:24.116Z,0.00005000
btcusdt,108165.64000000,2025-08-29T18:37:24.116Z,0.00005000
btcusdt,108165.64000000,2025-08-29T18:37:24.116Z,0.00005000
btcusdt,108165.64000000,2025-08-29T18:37:24.116Z,0.00005000
btcusdt,108165.64000000,2025-08-29T18:37:24.116Z,0.00005000
btcusdt,108165.64000000,2025-08-29T18:37:24.116Z,0.00005000
btcusdt,108165.64000000,2025-08-29T18:37:24.116Z,0.00005000
btcusdt,108165.64000000,2025-08-29T18:37:24.116Z,0.00005000
btcusdt,108165.64000000,2025-08-29T18:37:24.116Z,0.00005000
btcusdt,108165.64000000,2025-08-29T18:37:24.116Z,0.00005000
btcusdt,108165.64000000,2025-08-29T18:37:24.116Z,0.00005000
btcusdt,108165.64000000,2025-08-29T18:37:24.116Z,0.00005000
btcusdt,108165.64000000,2025-08-29T18:37:24.116Z,0.00005000
btcusdt,108165.64000000,2025-08-29T18:37:24.116Z,0.00005000
btcusdt,108165.64000000,2025-08-29T18:37:24.116Z,0.00005000
btcusdt,108165.64000000,2025-08-29T18:37:24.116Z,0.00005000
btcusdt,108165.64000000,2025-08-29T18:37:24.116Z,0.00005000
btcusdt,108165.64000000,2025-08-29T18:37:24.116Z,0.00005000
btcusdt,108165.64000000,2025-08-29T18:37:24.116Z,0.00005000
btcusdt,108165.64000000,2025-08-29T18:37:24.116Z,0.00005000
btcusdt,108165.64000000,2025-08-29T18:37:24.116Z,0.00005000
btcusdt,108165.65000000,2025-08-29T18:37:24.116Z,0.00005000
btcusdt,108165.65000000,2025-08-29T18:37:24.116Z,0.00005000
btcusdt,108165.65000000,2025-08-29T18:37:24.116Z,0.00005000
btcusdt,108165.65000000,2025-08-29T18:37:24.116Z,0.00005000
btcusdt,108165.65000000,2025-08-29T18:37:24.116Z,0.00005000
btcusdt,108165.65000000,2025-08-29T18:37:24.116Z,0.00005000
btcusdt,108165.65000000,2025-08-29T18:37:24.116Z,0.00005000
btcusdt,108165.65000000,2025-08-29T18:37:24.116Z,0.00005000
btcusdt,108165.65000000,2025-08-29T18:37:24.116Z,0.00005000
btcusdt,108165.65000000,2025-08-29T18:37:24.116Z,0.00005000
btcusdt,108165.65000000,2025-08-29T18:37:24.116Z,0.00005000
btcusdt,108165.65000000,2025-08-29T18:37:24.116Z,0.00005000
btcusdt,108165.65000000,2025-08-29T18:37:24.116Z,0.00005000
btcusdt,108165.65000000,2025-08-29T18:37:24.116Z,0.00005000
btcusdt,108165.65000000,2025-08-29T18:37:24.116Z,0.00005000
btcusdt,108165.65000000,2025-08-29T18:37:24.116Z,0.00005000
btcusdt,108165.65000000,2025-08-29T18:37:24.116Z,0.00005000
btcusdt,108165.65000000,2025-08-29T18:37:24.116Z,0.00005000
btcusdt,108165.65000000,2025-08-29T18:37:24.116Z,0.00005000
btcusdt,108165.65000000,2025-08-29T18:37:24.116Z,0.00005000
btcusdt,108165.65000000,2025-08-29T18:37:24.116Z,0.00005000
btcusdt,108165.86000000,2025-08-29T18:37:24.116Z,0.00005000
btcusdt,108165.86000000,2025-08-29T18:37:24.116Z,0.00005000
btcusdt,108165.86000000,2025-08-29T18:37:24.116Z,0.00005000
btcusdt,108165.86000000,2025-08-29T18:37:24.116Z,0.00005000
btcusdt,108165.86000000,2025-08-29T18:37:24.116Z,0.00005000
btcusdt,108165.86000000,2025-08-29T18:37:24.116Z,0.00005000
btcusdt,108165.86000000,2025-08-29T18:37:24.116Z,0.00005000
btcusdt,108165.86000000,2025-08-29T18:37:24.116Z,0.00005000
btcusdt,108165.86000000,2025-08-29T18:37:24.116Z,0.00005000
btcusdt,108165.86000000,2025-08-29T18:37:24.116Z,0.00005000
btcusdt,108165.86000000,2025-08-29T18:37:24.116Z,0.00005000
btcusdt,108165.86000000,2025-08-29T18:37:24.116Z,0.00005000
btcusdt,108165.86000000,2025-08-29T18:37:24.116Z,0.00005000
btcusdt,108165.86000000,2025-08-29T18:37:24.116Z,0.00005000
btcusdt,108165.86000000,2025-08-29T18:37:24.116Z,0.00005000
btcusdt,108165.86000000,2025-08-29T18:37:24.116Z,0.00005000
btcusdt,108165.86000000,2025-08-29T18:37:24.116Z,0.00005000
btcusdt,108165.86000000,2025-08-29T18:37:24.116Z,0.00005000
btcusdt,108165.87000000,2025-08-29T18:37:24.116Z,0.00005000
btcusdt,108165.87000000,2025-08-29T18:37:24.116Z,0.00005000
btcusdt,108165.87000000,2025-08-29T18:37:24.116Z,0.00005000
btcusdt,108165.99000000,2025-08-29T18:37:24.116Z,0.00005000
btcusdt,108165.99000000,2025-08-29T18:37:24.116Z,0.00005000
btcusdt,108165.99000000,2025-08-29T18:37:24.116Z,0.00005000
btcusdt,108165.99000000,2025-08-29T18:37:24.116Z,0.00005000
btcusdt,108165.99000000,2025-08-29T18:37:24.116Z,0.00005000
btcusdt,108165.99000000,2025-08-29T18:37:24.116Z,0.00005000
btcusdt,108165.99000000,2025-08-29T18:37:24.116Z,0.00005000
btcusdt,108165.99000000,2025-08-29T18:37:24.116Z,0.00005000
btcusdt,108165.99000000,2025-08-29T18:37:24.116Z,0.00005000
btcusdt,108166.00000000,2025-08-29T18:37:24.116Z,0.00005000
btcusdt,108166.00000000,2025-08-29T18:37:24.116Z,0.00005000
btcusdt,108166.00000000,2025-08-29T18:37:24.116Z,0.00005000
btcusdt,108167.60000000,2025-08-29T18:37:24.116Z,0.00005000
btcusdt,108167.60000000,2025-08-29T18:37:24.116Z,0.00005000
btcusdt,108167.60000000,2025-08-29T18:37:24.116Z,0.00005000
btcusdt,108167.60000000,2025-08-29T18:37:24.116Z,0.00005000
btcusdt,108167.60000000,2025-08-29T18:37:24.116Z,0.00005000
btcusdt,108167.60000000,2025-08-29T18:37:24.116Z,0.00005000
btcusdt,108167.61000000,2025-08-29T18:37:24.116Z,0.00005000
btcusdt,108167.61000000,2025-08-29T18:37:24.116Z,0.00005000
btcusdt,108167.61000000,2025-08-29T18:37:24.116Z,0.00005000
btcusdt,108167.99000000,2025-08-29T18:37:24.116Z,0.00005000
btcusdt,108167.99000000,2025-08-29T18:37:24.116Z,0.00005000
btcusdt,108167.99000000,2025-08-29T18:37:24.116Z,0.00005000
btcusdt,108167.99000000,2025-08-29T18:37:24.116Z,0.00005000
btcusdt,108167.99000000,2025-08-29T18:37:24.116Z,0.00005000
btcusdt,108167.99000000,2025-08-29T18:37:24.116Z,0.00005000
btcusdt,108167.99000000,2025-08-29T18:37:24.116Z,0.00005000
btcusdt,108167.99000000,2025-08-29T18:37:24.116Z,0.00005000
btcusdt,108167.99000000,2025-08-29T18:37:24.116Z,0.00005000
btcusdt,108168.00000000,2025-08-29T18:37:24.116Z,0.00005000
btcusdt,108168.00000000,2025-08-29T18:37:24.116Z,0.00005000
btcusdt,108168.00000000,2025-08-29T18:37:24.116Z,0.00005000
btcusdt,108168.35000000,2025-08-29T18:37:24.116Z,0.00168000
btcusdt,108168.35000000,2025-08-29T18:37:24.116Z,0.00168000
btcusdt,108168.35000000,2025-08-29T18:37:24.116Z,0.00168000
btcusdt,108169.99000000,2025-08-29T18:37:24.116Z,0.00005000
btcusdt,108169.99000000,2025-08-29T18:37:24.116Z,0.00005000
btcusdt,108169.99000000,2025-08-29T18:37:24.116Z,0.00005000
btcusdt,108170.00000000,2025-08-29T18:37:24.116Z,0.00005000
btcusdt,108170.00000000,2025-08-29T18:37:24.116Z,0.00005000
btcusdt,108170.00000000,2025-08-29T18:37:24.116Z,0.00005000
btcusdt,108170.42000000,2025-08-29T18:37:24.116Z,0.00070000
btcusdt,108170.42000000,2025-08-29T18:37:24.116Z,0.00070000
btcusdt,108170.42000000,2025-08-29T18:37:24.116Z,0.00070000
btcusdt,108170.59000000,2025-08-29T18:37:24.116Z,0.00074000
btcusdt,108170.59000000,2025-08-29T18:37:24.116Z,0.00074000
btcusdt,108170.59000000,2025-08-29T18:37:24.116Z,0.00074000
btcusdt,108170.69000000,2025-08-29T18:37:24.116Z,0.00327000
btcusdt,108170.69000000,2025-08-29T18:37:24.116Z,0.00327000
btcusdt,108170.69000000,2025-08-29T18:37:24.116Z,0.00327000
btcusdt,108171.50000000,2025-08-29T18:37:24.116Z,0.00029000
btcusdt,108171.50000000,2025-08-29T18:37:24.116Z,0.00029000
btcusdt,108171.50000000,2025-08-29T18:37:24.116Z,0.00029000
btcusdt,108171.50000000,2025-08-29T18:37:24.118Z,0.00415000
btcusdt,108171.50000000,2025-08-29T18:37:24.118Z,0.00415000
btcusdt,108171.50000000,2025-08-29T18:37:24.118Z,0.00415000
btcusdt,108171.63000000,2025-08-29T18:37:24.118Z,0.00109000
btcusdt,108171.63000000,2025-08-29T18:37:24.118Z,0.00109000
btcusdt,108171.63000000,2025-08-29T18:37:24.118Z,0.00109000
btcusdt,108171.50000000,2025-08-29T18:37:24.118Z,0.00005000
btcusdt,108171.50000000,2025-08-29T18:37:24.118Z,0.00005000
btcusdt,108171.50000000,2025-08-29T18:37:24.118Z,0.00005000
btcusdt,108171.99000000,2025-08-29T18:37:24.119Z,0.00005000
btcusdt,108171.99000000,2025-08-29T18:37:24.119Z,0.00005000
btcusdt,108171.99000000,2025-08-29T18:37:24.119Z,0.00005000
btcusdt,108171.99000000,2025-08-29T18:37:24.119Z,0.00005000
btcusdt,108171.99000000,2025-08-29T18:37:24.119Z,0.00005000
btcusdt,108171.99000000,2025-08-29T18:37:24.119Z,0.00005000
btcusdt,108171.99000000,2025-08-29T18:37:24.119Z,0.00005000
btcusdt,108171.99000000,2025-08-29T18:37:24.119Z,0.00005000
btcusdt,108171.99000000,2025-08-29T18:37:24.119Z,0.00005000
btcusdt,108172.00000000,2025-08-29T18:37:24.119Z,0.00203000
btcusdt,108172.00000000,2025-08-29T18:37:24.119Z,0.00203000
btcusdt,108172.00000000,2025-08-29T18:37:24.119Z,0.00203000
btcusdt,108172.00000000,2025-08-29T18:37:24.228Z,0.00005000
btcusdt,108172.00000000,2025-08-29T18:37:24.228Z,0.00005000
btcusdt,108172.00000000,2025-08-29T18:37:24.228Z,0.00005000
btcusdt,108172.00000000,2025-08-29T18:37:24.228Z,0.00001000
btcusdt,108172.00000000,2025-08-29T18:37:24.228Z,0.00001000
btcusdt,108172.00000000,2025-08-29T18:37:24.228Z,0.00001000
btcusdt,108171.99000000,2025-08-29T18:37:24.385Z,0.00006000
btcusdt,108171.99000000,2025-08-29T18:37:24.385Z,0.00006000
btcusdt,108171.99000000,2025-08-29T18:37:24.385Z,0.00006000
btcusdt,108171.99000000,2025-08-29T18:37:24.768Z,0.00019000
btcusdt,108171.99000000,2025-08-29T18:37:24.768Z,0.00019000
btcusdt,108171.99000000,2025-08-29T18:37:24.768Z,0.00019000
btcusdt,108172.00000000,2025-08-29T18:37:25.009Z,0.00004000
btcusdt,108172.00000000,2025-08-29T18:37:25.009Z,0.00004000
btcusdt,108172.00000000,2025-08-29T18:37:25.009Z,0.00004000
btcusdt,108172.00000000,2025-08-29T18:37:25.009Z,0.00005000
btcusdt,108172.00000000,2025-08-29T18:37:25.009Z,0.00005000
btcusdt,108172.00000000,2025-08-29T18:37:25.009Z,0.00005000
btcusdt,108172.00000000,2025-08-29T18:37:25.009Z,0.00005000
btcusdt,108172.00000000,2025-08-29T18:37:25.009Z,0.00005000
btcusdt,108172.00000000,2025-08-29T18:37:25.009Z,0.00005000
btcusdt,108172.00000000,2025-08-29T18:37:25.009Z,0.00005000
btcusdt,108172.00000000,2025-08-29T18:37:25.009Z,0.00005000
btcusdt,108172.00000000,2025-08-29T18:37:25.009Z,0.00005000
btcusdt,108172.00000000,2025-08-29T18:37:25.009Z,0.00005000
btcusdt,108172.00000000,2025-08-29T18:37:25.009Z,0.00005000
btcusdt,108172.00000000,2025-08-29T18:37:25.009Z,0.00005000
btcusdt,108172.00000000,2025-08-29T18:37:25.009Z,0.00005000
btcusdt,108172.00000000,2025-08-29T18:37:25.009Z,0.00005000
btcusdt,108172.00000000,2025-08-29T18:37:25.009Z,0.00005000
btcusdt,108172.00000000,2025-08-29T18:37:25.009Z,0.00005000
btcusdt,108172.00000000,2025-08-29T18:37:25.009Z,0.00005000
btcusdt,108172.00000000,2025-08-29T18:37:25.009Z,0.00005000
btcusdt,108172.00000000,2025-08-29T18:37:25.009Z,0.00161000
btcusdt,108172.00000000,2025-08-29T18:37:25.009Z,0.00161000
btcusdt,108172.00000000,2025-08-29T18:37:25.009Z,0.00161000
btcusdt,108172.00000000,2025-08-29T18:37:25.010Z,0.00035000
btcusdt,108172.00000000,2025-08-29T18:37:25.010Z,0.00035000
btcusdt,108172.00000000,2025-08-29T18:37:25.010Z,0.00035000
btcusdt,108172.00000000,2025-08-29T18:37:25.010Z,0.00005000
btcusdt,108172.00000000,2025-08-29T18:37:25.010Z,0.00005000
btcusdt,108172.00000000,2025-08-29T18:37:25.010Z,0.00005000
btcusdt,108172.00000000,2025-08-29T18:37:25.010Z,0.00005000
btcusdt,108172.00000000,2025-08-29T18:37:25.010Z,0.00005000
btcusdt,108172.00000000,2025-08-29T18:37:25.010Z,0.00005000
btcusdt,108172.00000000,2025-08-29T18:37:25.010Z,0.00005000
btcusdt,108172.00000000,2025-08-29T18:37:25.010Z,0.00005000
btcusdt,108172.00000000,2025-08-29T18:37:25.010Z,0.00005000
btcusdt,108172.00000000,2025-08-29T18:37:25.010Z,0.00005000
btcusdt,108172.00000000,2025-08-29T18:37:25.010Z,0.00005000
btcusdt,108172.00000000,2025-08-29T18:37:25.010Z,0.00005000
btcusdt,108172.00000000,2025-08-29T18:37:25.010Z,0.00005000
btcusdt,108172.00000000,2025-08-29T18:37:25.010Z,0.00005000
btcusdt,108172.00000000,2025-08-29T18:37:25.010Z,0.00005000
btcusdt,108172.00000000,2025-08-29T18:37:25.010Z,0.00005000
btcusdt,108172.00000000,2025-08-29T18:37:25.010Z,0.00005000
btcusdt,108172.00000000,2025-08-29T18:37:25.010Z,0.00005000
btcusdt,108172.00000000,2025-08-29T18:37:25.010Z,0.00005000
btcusdt,108172.00000000,2025-08-29T18:37:25.010Z,0.00005000
btcusdt,108172.00000000,2025-08-29T18:37:25.010Z,0.00005000
btcusdt,108172.00000000,2025-08-29T18:37:25.010Z,0.00005000
btcusdt,108172.00000000,2025-08-29T18:37:25.010Z,0.00005000
btcusdt,108172.00000000,2025-08-29T18:37:25.010Z,0.00005000
btcusdt,108172.00000000,2025-08-29T18:37:25.010Z,0.00005000
btcusdt,108172.00000000,2025-08-29T18:37:25.010Z,0.00005000
btcusdt,108172.00000000,2025-08-29T18:37:25.010Z,0.00005000
btcusdt,108172.00000000,2025-08-29T18:37:25.010Z,0.00005000
btcusdt,108172.00000000,2025-08-29T18:37:25.010Z,0.00005000
btcusdt,108172.00000000,2025-08-29T18:37:25.010Z,0.00005000
btcusdt,108172.00000000,2025-08-29T18:37:25.011Z,0.00005000
btcusdt,108172.00000000,2025-08-29T18:37:25.011Z,0.00005000
btcusdt,108172.00000000,2025-08-29T18:37:25.011Z,0.00005000
btcusdt,108172.00000000,2025-08-29T18:37:25.011Z,0.00005000
btcusdt,108172.00000000,2025-08-29T18:37:25.011Z,0.00005000
btcusdt,108172.00000000,2025-08-29T18:37:25.011Z,0.00005000
btcusdt,108172.00000000,2025-08-29T18:37:25.011Z,0.00005000
btcusdt,108172.00000000,2025-08-29T18:37:25.011Z,0.00005000
btcusdt,108172.00000000,2025-08-29T18:37:25.011Z,0.00005000
btcusdt,108172.00000000,2025-08-29T18:37:25.011Z,0.00005000
btcusdt,108172.00000000,2025-08-29T18:37:25.011Z,0.00005000
btcusdt,108172.00000000,2025-08-29T18:37:25.011Z,0.00005000
btcusdt,108172.00000000,2025-08-29T18:37:25.011Z,0.00005000
btcusdt,108172.00000000,2025-08-29T18:37:25.011Z,0.00005000
btcusdt,108172.00000000,2025-08-29T18:37:25.011Z,0.00005000
btcusdt,108172.00000000,2025-08-29T18:37:25.011Z,0.00005000
btcusdt,108172.00000000,2025-08-29T18:37:25.011Z,0.00005000
btcusdt,108172.00000000,2025-08-29T18:37:25.011Z,0.00005000
btcusdt,108172.00000000,2025-08-29T18:37:25.011Z,0.00005000
btcusdt,108172.00000000,2025-08-29T18:37:25.011Z,0.00005000
btcusdt,108172.00000000,2025-08-29T18:37:25.011Z,0.00005000
btcusdt,108172.00000000,2025-08-29T18:37:25.011Z,0.00005000
btcusdt,108172.00000000,2025-08-29T18:37:25.011Z,0.00005000
btcusdt,108172.00000000,2025-08-29T18:37:25.011Z,0.00005000
btcusdt,108172.01000000,2025-08-29T18:37:25.011Z,0.00005000
btcusdt,108172.01000000,2025-08-29T18:37:25.011Z,0.00005000
btcusdt,108172.01000000,2025-08-29T18:37:25.011Z,0.00005000
btcusdt,108172.01000000,2025-08-29T18:37:25.011Z,0.00005000
btcusdt,108172.01000000,2025-08-29T18:37:25.011Z,0.00005000
btcusdt,108172.01000000,2025-08-29T18:37:25.011Z,0.00005000
btcusdt,108172.01000000,2025-08-29T18:37:25.011Z,0.00005000
btcusdt,108172.01000000,2025-08-29T18:37:25.011Z,0.00005000
btcusdt,108172.01000000,2025-08-29T18:37:25.011Z,0.00005000
btcusdt,108172.01000000,2025-08-29T18:37:25.011Z,0.00005000
btcusdt,108172.01000000,2025-08-29T18:37:25.011Z,0.00005000
btcusdt,108172.01000000,2025-08-29T18:37:25.011Z,0.00005000
btcusdt,108172.01000000,2025-08-29T18:37:25.011Z,0.00005000
btcusdt,108172.01000000,2025-08-29T18:37:25.011Z,0.00005000
btcusdt,108172.01000000,2025-08-29T18:37:25.011Z,0.00005000
btcusdt,108172.01000000,2025-08-29T18:37:25.011Z,0.00005000
btcusdt,108172.01000000,2025-08-29T18:37:25.011Z,0.00005000
btcusdt,108172.01000000,2025-08-29T18:37:25.011Z,0.00005000
btcusdt,108172.01000000,2025-08-29T18:37:25.011Z,0.00005000
btcusdt,108172.01000000,2025-08-29T18:37:25.011Z,0.00005000
btcusdt,108172.01000000,2025-08-29T18:37:25.011Z,0.00005000
btcusdt,108172.01000000,2025-08-29T18:37:25.011Z,0.00005000
btcusdt,108172.01000000,2025-08-29T18:37:25.011Z,0.00005000
btcusdt,108172.01000000,2025-08-29T18:37:25.011Z,0.00005000
btcusdt,108172.01000000,2025-08-29T18:37:25.011Z,0.00005000
btcusdt,108172.01000000,2025-08-29T18:37:25.011Z,0.00005000
btcusdt,108172.01000000,2025-08-29T18:37:25.011Z,0.00005000
btcusdt,108172.01000000,2025-08-29T18:37:25.011Z,0.00005000
btcusdt,108172.01000000,2025-08-29T18:37:25.011Z,0.00005000
btcusdt,108172.01000000,2025-08-29T18:37:25.011Z,0.00005000
btcusdt,108172.01000000,2025-08-29T18:37:25.011Z,0.00005000
btcusdt,108172.01000000,2025-08-29T18:37:25.011Z,0.00005000
btcusdt,108172.01000000,2025-08-29T18:37:25.011Z,0.00005000
btcusdt,108172.01000000,2025-08-29T18:37:25.011Z,0.00005000
btcusdt,108172.01000000,2025-08-29T18:37:25.011Z,0.00005000
btcusdt,108172.01000000,2025-08-29T18:37:25.011Z,0.00005000
btcusdt,108172.01000000,2025-08-29T18:37:25.011Z,0.00005000
btcusdt,108172.01000000,2025-08-29T18:37:25.011Z,0.00005000
btcusdt,108172.01000000,2025-08-29T18:37:25.011Z,0.00005000
btcusdt,108172.01000000,2025-08-29T18:37:25.011Z,0.00005000
btcusdt,108172.01000000,2025-08-29T18:37:25.011Z,0.00005000
btcusdt,108172.01000000,2025-08-29T18:37:25.011Z,0.00005000
btcusdt,108172.36000000,2025-08-29T18:37:25.011Z,0.00006000
btcusdt,108172.36000000,2025-08-29T18:37:25.011Z,0.00006000
btcusdt,108172.36000000,2025-08-29T18:37:25.011Z,0.00006000
btcusdt,108172.51000000,2025-08-29T18:37:25.012Z,0.00005000
btcusdt,108172.51000000,2025-08-29T18:37:25.012Z,0.00005000
btcusdt,108172.51000000,2025-08-29T18:37:25.012Z,0.00005000
btcusdt,108172.80000000,2025-08-29T18:37:25.012Z,0.00131000
btcusdt,108172.80000000,2025-08-29T18:37:25.012Z,0.00131000
btcusdt,108172.80000000,2025-08-29T18:37:25.012Z,0.00131000
btcusdt,108172.98000000,2025-08-29T18:37:25.012Z,0.00005000
btcusdt,108172.98000000,2025-08-29T18:37:25.012Z,0.00005000
btcusdt,108172.98000000,2025-08-29T18:37:25.012Z,0.00005000
btcusdt,108175.32000000,2025-08-29T18:37:25.013Z,0.00010000
btcusdt,108175.32000000,2025-08-29T18:37:25.013Z,0.00010000
btcusdt,108175.32000000,2025-08-29T18:37:25.013Z,0.00010000
btcusdt,108175.68000000,2025-08-29T18:37:25.020Z,0.00196000
btcusdt,108175.68000000,2025-08-29T18:37:25.020Z,0.00196000
btcusdt,108175.68000000,2025-08-29T18:37:25.020Z,0.00196000
btcusdt,108175.67000000,2025-08-29T18:37:25.104Z,0.00015000
btcusdt,108175.67000000,2025-08-29T18:37:25.104Z,0.00015000
btcusdt,108175.67000000,2025-08-29T18:37:25.104Z,0.00015000
btcusdt,108175.68000000,2025-08-29T18:37:25.204Z,0.00359000
btcusdt,108175.68000000,2025-08-29T18:37:25.204Z,0.00359000
btcusdt,108175.68000000,2025-08-29T18:37:25.204Z,0.00359000
btcusdt,108175.68000000,2025-08-29T18:37:25.204Z,0.00250000
btcusdt,108175.68000000,2025-08-29T18:37:25.204Z,0.00250000
btcusdt,108175.68000000,2025-08-29T18:37:25.204Z,0.00250000
btcusdt,108175.68000000,2025-08-29T18:37:25.206Z,0.00117000
btcusdt,108175.68000000,2025-08-29T18:37:25.206Z,0.00117000
btcusdt,108175.68000000,2025-08-29T18:37:25.206Z,0.00117000
btcusdt,108175.68000000,2025-08-29T18:37:25.206Z,0.00179000
btcusdt,108175.68000000,2025-08-29T18:37:25.206Z,0.00179000
btcusdt,108175.68000000,2025-08-29T18:37:25.206Z,0.00179000
btcusdt,108175.68000000,2025-08-29T18:37:25.206Z,0.00009000
btcusdt,108175.68000000,2025-08-29T18:37:25.206Z,0.00009000
btcusdt,108175.68000000,2025-08-29T18:37:25.206Z,0.00009000
btcusdt,108175.68000000,2025-08-29T18:37:25.206Z,0.00005000
btcusdt,108175.68000000,2025-08-29T18:37:25.206Z,0.00005000
btcusdt,108175.68000000,2025-08-29T18:37:25.206Z,0.00005000
btcusdt,108175.68000000,2025-08-29T18:37:25.206Z,0.00005000
btcusdt,108175.68000000,2025-08-29T18:37:25.206Z,0.00005000
btcusdt,108175.68000000,2025-08-29T18:37:25.206Z,0.00005000
btcusdt,108175.68000000,2025-08-29T18:37:25.206Z,0.00005000
btcusdt,108175.68000000,2025-08-29T18:37:25.206Z,0.00005000
btcusdt,108175.68000000,2025-08-29T18:37:25.206Z,0.00005000
btcusdt,108175.68000000,2025-08-29T18:37:25.206Z,0.00005000
btcusdt,108175.68000000,2025-08-29T18:37:25.206Z,0.00005000
btcusdt,108175.68000000,2025-08-29T18:37:25.206Z,0.00005000
btcusdt,108175.68000000,2025-08-29T18:37:25.206Z,0.00005000
btcusdt,108175.68000000,2025-08-29T18:37:25.206Z,0.00005000
btcusdt,108175.68000000,2025-08-29T18:37:25.206Z,0.00005000
btcusdt,108175.68000000,2025-08-29T18:37:25.206Z,0.00005000
btcusdt,108175.68000000,2025-08-29T18:37:25.206Z,0.00005000
btcusdt,108175.68000000,2025-08-29T18:37:25.206Z,0.00005000
btcusdt,108175.68000000,2025-08-29T18:37:25.206Z,0.00005000
btcusdt,108175.68000000,2025-08-29T18:37:25.206Z,0.00005000
btcusdt,108175.68000000,2025-08-29T18:37:25.206Z,0.00005000
btcusdt,108175.68000000,2025-08-29T18:37:25.206Z,0.00005000
btcusdt,108175.68000000,2025-08-29T18:37:25.206Z,0.00005000
btcusdt,108175.68000000,2025-08-29T18:37:25.206Z,0.00005000
btcusdt,108175.68000000,2025-08-29T18:37:25.206Z,0.00005000
btcusdt,108175.68000000,2025-08-29T18:37:25.206Z,0.00005000
btcusdt,108175.68000000,2025-08-29T18:37:25.206Z,0.00005000
btcusdt,108175.68000000,2025-08-29T18:37:25.206Z,0.00005000
btcusdt,108175.68000000,2025-08-29T18:37:25.206Z,0.00005000
btcusdt,108175.68000000,2025-08-29T18:37:25.206Z,0.00005000
btcusdt,108175.68000000,2025-08-29T18:37:25.206Z,0.00005000
btcusdt,108175.68000000,2025-08-29T18:37:25.206Z,0.00005000
btcusdt,108175.68000000,2025-08-29T18:37:25.206Z,0.00005000
btcusdt,108175.68000000,2025-08-29T18:37:25.206Z,0.00005000
btcusdt,108175.68000000,2025-08-29T18:37:25.206Z,0.00005000
btcusdt,108175.68000000,2025-08-29T18:37:25.206Z,0.00005000
btcusdt,108175.68000000,2025-08-29T18:37:25.206Z,0.00005000
btcusdt,108175.68000000,2025-08-29T18:37:25.206Z,0.00005000
btcusdt,108175.68000000,2025-08-29T18:37:25.206Z,0.00005000
btcusdt,108175.68000000,2025-08-29T18:37:25.206Z,0.00005000
btcusdt,108175.68000000,2025-08-29T18:37:25.206Z,0.00005000
btcusdt,108175.68000000,2025-08-29T18:37:25.206Z,0.00005000
btcusdt,108175.68000000,2025-08-29T18:37:25.206Z,0.00005000
btcusdt,108175.68000000,2025-08-29T18:37:25.206Z,0.00005000
btcusdt,108175.68000000,2025-08-29T18:37:25.206Z,0.00005000
btcusdt,108175.68000000,2025-08-29T18:37:25.206Z,0.00005000
btcusdt,108175.68000000,2025-08-29T18:37:25.206Z,0.00005000
btcusdt,108175.68000000,2025-08-29T18:37:25.206Z,0.00005000
btcusdt,108175.68000000,2025-08-29T18:37:25.206Z,0.00005000
btcusdt,108175.68000000,2025-08-29T18:37:25.206Z,0.00005000
btcusdt,108175.68000000,2025-08-29T18:37:25.206Z,0.00005000
btcusdt,108175.69000000,2025-08-29T18:37:25.206Z,0.00005000
btcusdt,108175.69000000,2025-08-29T18:37:25.206Z,0.00005000
btcusdt,108175.69000000,2025-08-29T18:37:25.206Z,0.00005000
btcusdt,108175.69000000,2025-08-29T18:37:25.206Z,0.00005000
btcusdt,108175.69000000,2025-08-29T18:37:25.206Z,0.00005000
btcusdt,108175.69000000,2025-08-29T18:37:25.206Z,0.00005000
btcusdt,108175.69000000,2025-08-29T18:37:25.206Z,0.00005000
btcusdt,108175.69000000,2025-08-29T18:37:25.206Z,0.00005000
btcusdt,108175.69000000,2025-08-29T18:37:25.206Z,0.00005000
btcusdt,108175.69000000,2025-08-29T18:37:25.206Z,0.00005000
btcusdt,108175.69000000,2025-08-29T18:37:25.206Z,0.00005000
btcusdt,108175.69000000,2025-08-29T18:37:25.206Z,0.00005000
btcusdt,108175.69000000,2025-08-29T18:37:25.206Z,0.00005000
btcusdt,108175.69000000,2025-08-29T18:37:25.206Z,0.00005000
btcusdt,108175.69000000,2025-08-29T18:37:25.206Z,0.00005000
btcusdt,108175.69000000,2025-08-29T18:37:25.206Z,0.00005000
btcusdt,108175.69000000,2025-08-29T18:37:25.206Z,0.00005000
btcusdt,108175.69000000,2025-08-29T18:37:25.206Z,0.00005000
btcusdt,108175.69000000,2025-08-29T18:37:25.206Z,0.00005000
btcusdt,108175.69000000,2025-08-29T18:37:25.206Z,0.00005000
btcusdt,108175.69000000,2025-08-29T18:37:25.206Z,0.00005000
btcusdt,108175.69000000,2025-08-29T18:37:25.206Z,0.00005000
btcusdt,108175.69000000,2025-08-29T18:37:25.206Z,0.00005000
btcusdt,108175.69000000,2025-08-29T18:37:25.206Z,0.00005000
btcusdt,108175.69000000,2025-08-29T18:37:25.206Z,0.00005000
btcusdt,108175.69000000,2025-08-29T18:37:25.206Z,0.00005000
btcusdt,108175.69000000,2025-08-29T18:37:25.206Z,0.00005000
btcusdt,108175.69000000,2025-08-29T18:37:25.206Z,0.00005000
btcusdt,108175.69000000,2025-08-29T18:37:25.206Z,0.00005000
btcusdt,108175.69000000,2025-08-29T18:37:25.206Z,0.00005000
btcusdt,108175.69000000,2025-08-29T18:37:25.206Z,0.00005000
btcusdt,108175.69000000,2025-08-29T18:37:25.206Z,0.00005000
btcusdt,108175.69000000,2025-08-29T18:37:25.206Z,0.00005000
btcusdt,108175.69000000,2025-08-29T18:37:25.206Z,0.00005000
btcusdt,108175.69000000,2025-08-29T18:37:25.206Z,0.00005000
btcusdt,108175.69000000,2025-08-29T18:37:25.206Z,0.00005000
btcusdt,108175.77000000,2025-08-29T18:37:25.206Z,0.00005000
btcusdt,108175.77000000,2025-08-29T18:37:25.206Z,0.00005000
btcusdt,108175.77000000,2025-08-29T18:37:25.206Z,0.00005000
btcusdt,108176.44000000,2025-08-29T18:37:25.206Z,0.00005000
btcusdt,108176.44000000,2025-08-29T18:37:25.206Z,0.00005000
btcusdt,108176.44000000,2025-08-29T18:37:25.206Z,0.00005000
btcusdt,108177.78000000,2025-08-29T18:37:25.207Z,0.00006000
btcusdt,108177.78000000,2025-08-29T18:37:25.207Z,0.00006000
btcusdt,108177.78000000,2025-08-29T18:37:25.207Z,0.00006000
btcusdt,108177.95000000,2025-08-29T18:37:25.207Z,0.00204000
btcusdt,108177.95000000,2025-08-29T18:37:25.207Z,0.00204000
btcusdt,108177.95000000,2025-08-29T18:37:25.207Z,0.00204000
btcusdt,108179.66000000,2025-08-29T18:37:25.207Z,0.00010000
btcusdt,108179.66000000,2025-08-29T18:37:25.207Z,0.00010000
btcusdt,108179.66000000,2025-08-29T18:37:25.207Z,0.00010000
btcusdt,108179.90000000,2025-08-29T18:37:25.207Z,0.00005000
btcusdt,108179.90000000,2025-08-29T18:37:25.207Z,0.00005000
btcusdt,108179.90000000,2025-08-29T18:37:25.207Z,0.00005000
btcusdt,108177.12000000,2025-08-29T18:42:28.085Z,0.00110000
btcusdt,108177.12000000,2025-08-29T18:42:28.085Z,0.00110000
btcusdt,108177.12000000,2025-08-29T18:42:28.085Z,0.00110000
btcusdt,108177.12000000,2025-08-29T18:42:28.230Z,0.00231000
btcusdt,108177.12000000,2025-08-29T18:42:28.230Z,0.00231000
btcusdt,108177.12000000,2025-08-29T18:42:28.230Z,0.00231000
btcusdt,108177.11000000,2025-08-29T18:42:28.363Z,0.00006000
btcusdt,108177.11000000,2025-08-29T18:42:28.363Z,0.00006000
btcusdt,108177.11000000,2025-08-29T18:42:28.363Z,0.00006000
btcusdt,108177.12000000,2025-08-29T18:42:28.372Z,0.00157000
btcusdt,108177.12000000,2025-08-29T18:42:28.372Z,0.00157000
btcusdt,108177.12000000,2025-08-29T18:42:28.372Z,0.00157000
btcusdt,108177.12000000,2025-08-29T18:42:28.389Z,0.00018000
btcusdt,108177.12000000,2025-08-29T18:42:28.389Z,0.00018000
btcusdt,108177.12000000,2025-08-29T18:42:28.389Z,0.00018000
btcusdt,108177.12000000,2025-08-29T18:42:29.137Z,0.00006000
btcusdt,108177.12000000,2025-08-29T18:42:29.137Z,0.00006000
btcusdt,108177.12000000,2025-08-29T18:42:29.137Z,0.00006000
btcusdt,108177.12000000,2025-08-29T18:42:29.382Z,0.00149000
btcusdt,108177.12000000,2025-08-29T18:42:29.382Z,0.00149000
btcusdt,108177.12000000,2025-08-29T18:42:29.382Z,0.00149000
btcusdt,108177.12000000,2025-08-29T18:42:29.480Z,0.00420000
btcusdt,108177.12000000,2025-08-29T18:42:29.480Z,0.00420000
btcusdt,108177.12000000,2025-08-29T18:42:29.480Z,0.00420000
btcusdt,108177.12000000,2025-08-29T18:42:29.668Z,0.03595000
btcusdt,108177.12000000,2025-08-29T18:42:29.668Z,0.03595000
btcusdt,108177.12000000,2025-08-29T18:42:29.668Z,0.03595000
btcusdt,108177.11000000,2025-08-29T18:42:30.346Z,0.00010000
btcusdt,108177.11000000,2025-08-29T18:42:30.346Z,0.00010000
btcusdt,108177.11000000,2025-08-29T18:42:30.346Z,0.00010000
btcusdt,108177.12000000,2025-08-29T18:42:31.459Z,0.00148000
btcusdt,108177.12000000,2025-08-29T18:42:31.459Z,0.00148000
btcusdt,108177.12000000,2025-08-29T18:42:31.459Z,0.00148000
btcusdt,108177.12000000,2025-08-29T18:42:31.572Z,0.00093000
btcusdt,108177.12000000,2025-08-29T18:42:31.572Z,0.00093000
btcusdt,108177.12000000,2025-08-29T18:42:31.572Z,0.00093000
btcusdt,108177.11000000,2025-08-29T18:42:31.644Z,0.00069000
btcusdt,108177.11000000,2025-08-29T18:42:31.644Z,0.00069000
btcusdt,108177.11000000,2025-08-29T18:42:31.644Z,0.00069000
btcusdt,108177.11000000,2025-08-29T18:42:31.709Z,0.00006000
btcusdt,108177.11000000,2025-08-29T18:42:31.709Z,0.00006000
btcusdt,108177.11000000,2025-08-29T18:42:31.709Z,0.00006000
btcusdt,108177.12000000,2025-08-29T18:42:32.016Z,0.00169000
btcusdt,108177.12000000,2025-08-29T18:42:32.016Z,0.00169000
btcusdt,108177.12000000,2025-08-29T18:42:32.016Z,0.00169000
btcusdt,108177.11000000,2025-08-29T18:42:32.313Z,0.00138000
btcusdt,108177.11000000,2025-08-29T18:42:32.313Z,0.00138000
btcusdt,108177.11000000,2025-08-29T18:42:32.313Z,0.00138000
btcusdt,108177.12000000,2025-08-29T18:42:32.847Z,0.00230000
btcusdt,108177.12000000,2025-08-29T18:42:32.847Z,0.00230000
btcusdt,108177.12000000,2025-08-29T18:42:32.847Z,0.00230000
btcusdt,108177.12000000,2025-08-29T18:42:32.997Z,0.00172000
btcusdt,108177.12000000,2025-08-29T18:42:32.997Z,0.00172000
btcusdt,108177.12000000,2025-08-29T18:42:32.997Z,0.00172000
btcusdt,108177.12000000,2025-08-29T18:42:33.805Z,0.00130000
btcusdt,108177.12000000,2025-08-29T18:42:33.805Z,0.00130000
btcusdt,108177.12000000,2025-08-29T18:42:33.805Z,0.00130000
btcusdt,108177.12000000,2025-08-29T18:42:33.893Z,0.00363000
btcusdt,108177.12000000,2025-08-29T18:42:33.893Z,0.00363000
btcusdt,108177.12000000,2025-08-29T18:42:33.893Z,0.00363000
btcusdt,108177.12000000,2025-08-29T18:42:33.981Z,0.02190000
btcusdt,108177.12000000,2025-08-29T18:42:33.981Z,0.02190000
btcusdt,108177.12000000,2025-08-29T18:42:33.981Z,0.02190000
btcusdt,108177.12000000,2025-08-29T18:42:34.472Z,0.00007000
btcusdt,108177.12000000,2025-08-29T18:42:34.472Z,0.00007000
btcusdt,108177.12000000,2025-08-29T18:42:34.472Z,0.00007000
btcusdt,108177.11000000,2025-08-29T18:42:34.773Z,0.00011000
btcusdt,108177.11000000,2025-08-29T18:42:34.773Z,0.00011000
btcusdt,108177.11000000,2025-08-29T18:42:34.773Z,0.00011000
btcusdt,108177.12000000,2025-08-29T18:42:34.781Z,0.00040000
btcusdt,108177.12000000,2025-08-29T18:42:34.781Z,0.00040000
btcusdt,108177.12000000,2025-08-29T18:42:34.781Z,0.00040000
btcusdt,108177.12000000,2025-08-29T18:42:35.002Z,0.00027000
btcusdt,108177.12000000,2025-08-29T18:42:35.002Z,0.00027000
btcusdt,108177.12000000,2025-08-29T18:42:35.002Z,0.00027000
btcusdt,108177.12000000,2025-08-29T18:42:36.154Z,0.00006000
btcusdt,108177.12000000,2025-08-29T18:42:36.154Z,0.00006000
btcusdt,108177.12000000,2025-08-29T18:42:36.154Z,0.00006000
btcusdt,108177.11000000,2025-08-29T18:42:36.230Z,0.00011000
btcusdt,108177.11000000,2025-08-29T18:42:36.230Z,0.00011000
btcusdt,108177.11000000,2025-08-29T18:42:36.230Z,0.00011000
btcusdt,108177.11000000,2025-08-29T18:42:36.387Z,0.00202000
btcusdt,108177.11000000,2025-08-29T18:42:36.387Z,0.00202000
btcusdt,108177.11000000,2025-08-29T18:42:36.387Z,0.00202000
btcusdt,108177.11000000,2025-08-29T18:42:36.403Z,0.00421000
btcusdt,108177.11000000,2025-08-29T18:42:36.403Z,0.00421000
btcusdt,108177.11000000,2025-08-29T18:42:36.403Z,0.00421000
btcusdt,108177.11000000,2025-08-29T18:42:36.413Z,0.02213000
btcusdt,108177.11000000,2025-08-29T18:42:36.413Z,0.02213000
btcusdt,108177.11000000,2025-08-29T18:42:36.413Z,0.02213000
btcusdt,108177.11000000,2025-08-29T18:42:36.413Z,0.00555000
btcusdt,108177.11000000,2025-08-29T18:42:36.413Z,0.00555000
btcusdt,108177.11000000,2025-08-29T18:42:36.413Z,0.00555000
btcusdt,108177.11000000,2025-08-29T18:42:36.413Z,0.00005000
btcusdt,108177.11000000,2025-08-29T18:42:36.413Z,0.00005000
btcusdt,108177.11000000,2025-08-29T18:42:36.413Z,0.00005000
btcusdt,108177.11000000,2025-08-29T18:42:36.413Z,0.00005000
btcusdt,108177.11000000,2025-08-29T18:42:36.413Z,0.00005000
btcusdt,108177.11000000,2025-08-29T18:42:36.413Z,0.00005000
btcusdt,108177.11000000,2025-08-29T18:42:36.413Z,0.00070000
btcusdt,108177.11000000,2025-08-29T18:42:36.413Z,0.00070000
btcusdt,108177.11000000,2025-08-29T18:42:36.413Z,0.00070000
btcusdt,108177.11000000,2025-08-29T18:42:36.413Z,0.00069000
btcusdt,108177.11000000,2025-08-29T18:42:36.413Z,0.00069000
btcusdt,108177.11000000,2025-08-29T18:42:36.413Z,0.00069000
btcusdt,108177.11000000,2025-08-29T18:42:36.413Z,0.00073000
btcusdt,108177.11000000,2025-08-29T18:42:36.413Z,0.00073000
btcusdt,108177.11000000,2025-08-29T18:42:36.413Z,0.00073000
btcusdt,108177.11000000,2025-08-29T18:42:36.413Z,0.00005000
btcusdt,108177.11000000,2025-08-29T18:42:36.413Z,0.00005000
btcusdt,108177.11000000,2025-08-29T18:42:36.413Z,0.00005000
btcusdt,108177.11000000,2025-08-29T18:42:36.413Z,0.00005000
btcusdt,108177.11000000,2025-08-29T18:42:36.413Z,0.00005000
btcusdt,108177.11000000,2025-08-29T18:42:36.413Z,0.00005000
btcusdt,108177.11000000,2025-08-29T18:42:36.413Z,0.00006000
btcusdt,108177.11000000,2025-08-29T18:42:36.413Z,0.00006000
btcusdt,108177.11000000,2025-08-29T18:42:36.413Z,0.00006000
btcusdt,108177.11000000,2025-08-29T18:42:36.413Z,0.00069000
btcusdt,108177.11000000,2025-08-29T18:42:36.413Z,0.00069000
btcusdt,108177.11000000,2025-08-29T18:42:36.413Z,0.00069000
btcusdt,108177.11000000,2025-08-29T18:42:36.413Z,0.00005000
btcusdt,108177.11000000,2025-08-29T18:42:36.413Z,0.00005000
btcusdt,108177.11000000,2025-08-29T18:42:36.413Z,0.00005000
btcusdt,108177.11000000,2025-08-29T18:42:36.413Z,0.00005000
btcusdt,108177.11000000,2025-08-29T18:42:36.413Z,0.00005000
btcusdt,108177.11000000,2025-08-29T18:42:36.413Z,0.00005000
btcusdt,108177.11000000,2025-08-29T18:42:36.413Z,0.00005000
btcusdt,108177.11000000,2025-08-29T18:42:36.413Z,0.00005000
btcusdt,108177.11000000,2025-08-29T18:42:36.413Z,0.00005000
btcusdt,108177.11000000,2025-08-29T18:42:36.413Z,0.00005000
btcusdt,108177.11000000,2025-08-29T18:42:36.413Z,0.00005000
btcusdt,108177.11000000,2025-08-29T18:42:36.413Z,0.00005000
btcusdt,108177.11000000,2025-08-29T18:42:36.413Z,0.00005000
btcusdt,108177.11000000,2025-08-29T18:42:36.413Z,0.00005000
btcusdt,108177.11000000,2025-08-29T18:42:36.413Z,0.00005000
btcusdt,108177.11000000,2025-08-29T18:42:36.413Z,0.00228000
btcusdt,108177.11000000,2025-08-29T18:42:36.413Z,0.00228000
btcusdt,108177.11000000,2025-08-29T18:42:36.413Z,0.00228000
btcusdt,108177.11000000,2025-08-29T18:42:36.413Z,0.00005000
btcusdt,108177.11000000,2025-08-29T18:42:36.413Z,0.00005000
btcusdt,108177.11000000,2025-08-29T18:42:36.413Z,0.00005000
btcusdt,108177.11000000,2025-08-29T18:42:36.413Z,0.00005000
btcusdt,108177.11000000,2025-08-29T18:42:36.413Z,0.00005000
btcusdt,108177.11000000,2025-08-29T18:42:36.413Z,0.00005000
btcusdt,108177.11000000,2025-08-29T18:42:36.413Z,0.00005000
btcusdt,108177.11000000,2025-08-29T18:42:36.413Z,0.00005000
btcusdt,108177.11000000,2025-08-29T18:42:36.413Z,0.00005000
btcusdt,108177.11000000,2025-08-29T18:42:36.413Z,0.00005000
btcusdt,108177.11000000,2025-08-29T18:42:36.413Z,0.00005000
btcusdt,108177.11000000,2025-08-29T18:42:36.413Z,0.00005000
btcusdt,108177.11000000,2025-08-29T18:42:36.413Z,0.00005000
btcusdt,108177.11000000,2025-08-29T18:42:36.413Z,0.00005000
btcusdt,108177.11000000,2025-08-29T18:42:36.413Z,0.00005000
btcusdt,108177.11000000,2025-08-29T18:42:36.413Z,0.00005000
btcusdt,108177.11000000,2025-08-29T18:42:36.413Z,0.00005000
btcusdt,108177.11000000,2025-08-29T18:42:36.413Z,0.00005000
btcusdt,108177.11000000,2025-08-29T18:42:36.413Z,0.00005000
btcusdt,108177.11000000,2025-08-29T18:42:36.413Z,0.00005000
btcusdt,108177.11000000,2025-08-29T18:42:36.413Z,0.00005000
btcusdt,108177.11000000,2025-08-29T18:42:36.413Z,0.00005000
btcusdt,108177.11000000,2025-08-29T18:42:36.413Z,0.00005000
btcusdt,108177.11000000,2025-08-29T18:42:36.413Z,0.00005000
btcusdt,108177.11000000,2025-08-29T18:42:36.413Z,0.00005000
btcusdt,108177.11000000,2025-08-29T18:42:36.413Z,0.00005000
btcusdt,108177.11000000,2025-08-29T18:42:36.413Z,0.00005000
btcusdt,108177.11000000,2025-08-29T18:42:36.413Z,0.00005000
btcusdt,108177.11000000,2025-08-29T18:42:36.413Z,0.00005000
btcusdt,108177.11000000,2025-08-29T18:42:36.413Z,0.00005000
btcusdt,108177.11000000,2025-08-29T18:42:36.413Z,0.00005000
btcusdt,108177.11000000,2025-08-29T18:42:36.413Z,0.00005000
btcusdt,108177.11000000,2025-08-29T18:42:36.413Z,0.00005000
btcusdt,108177.11000000,2025-08-29T18:42:36.413Z,0.00005000
btcusdt,108177.11000000,2025-08-29T18:42:36.413Z,0.00005000
btcusdt,108177.11000000,2025-08-29T18:42:36.413Z,0.00005000
btcusdt,108177.10000000,2025-08-29T18:42:36.413Z,0.00005000
btcusdt,108177.10000000,2025-08-29T18:42:36.413Z,0.00005000
btcusdt,108177.10000000,2025-08-29T18:42:36.413Z,0.00005000
btcusdt,108177.10000000,2025-08-29T18:42:36.413Z,0.00005000
btcusdt,108177.10000000,2025-08-29T18:42:36.413Z,0.00005000
btcusdt,108177.10000000,2025-08-29T18:42:36.413Z,0.00005000
btcusdt,108177.10000000,2025-08-29T18:42:36.413Z,0.00005000
btcusdt,108177.10000000,2025-08-29T18:42:36.413Z,0.00005000
btcusdt,108177.10000000,2025-08-29T18:42:36.413Z,0.00005000
btcusdt,108177.10000000,2025-08-29T18:42:36.413Z,0.00005000
btcusdt,108177.10000000,2025-08-29T18:42:36.413Z,0.00005000
btcusdt,108177.10000000,2025-08-29T18:42:36.413Z,0.00005000
btcusdt,108177.10000000,2025-08-29T18:42:36.413Z,0.00005000
btcusdt,108177.10000000,2025-08-29T18:42:36.413Z,0.00005000
btcusdt,108177.10000000,2025-08-29T18:42:36.413Z,0.00005000
btcusdt,108177.08000000,2025-08-29T18:42:36.413Z,0.00005000
btcusdt,108177.08000000,2025-08-29T18:42:36.413Z,0.00005000
btcusdt,108177.08000000,2025-08-29T18:42:36.413Z,0.00005000
btcusdt,108177.08000000,2025-08-29T18:42:36.413Z,0.00005000
btcusdt,108177.08000000,2025-08-29T18:42:36.413Z,0.00005000
btcusdt,108177.08000000,2025-08-29T18:42:36.413Z,0.00005000
btcusdt,108177.08000000,2025-08-29T18:42:36.413Z,0.00005000
btcusdt,108177.08000000,2025-08-29T18:42:36.413Z,0.00005000
btcusdt,108177.08000000,2025-08-29T18:42:36.413Z,0.00005000
btcusdt,108177.07000000,2025-08-29T18:42:36.413Z,0.03133000
btcusdt,108177.07000000,2025-08-29T18:42:36.413Z,0.03133000
btcusdt,108177.07000000,2025-08-29T18:42:36.413Z,0.03133000
btcusdt,108177.07000000,2025-08-29T18:42:36.413Z,0.00005000
btcusdt,108177.07000000,2025-08-29T18:42:36.413Z,0.00005000
btcusdt,108177.07000000,2025-08-29T18:42:36.413Z,0.00005000
btcusdt,108176.07000000,2025-08-29T18:42:36.414Z,0.00005000
btcusdt,108176.07000000,2025-08-29T18:42:36.414Z,0.00005000
btcusdt,108176.07000000,2025-08-29T18:42:36.414Z,0.00005000
btcusdt,108176.07000000,2025-08-29T18:42:36.414Z,0.00005000
btcusdt,108176.07000000,2025-08-29T18:42:36.414Z,0.00005000
btcusdt,108176.07000000,2025-08-29T18:42:36.414Z,0.00005000
btcusdt,108176.07000000,2025-08-29T18:42:36.414Z,0.00005000
btcusdt,108176.07000000,2025-08-29T18:42:36.414Z,0.00005000
btcusdt,108176.07000000,2025-08-29T18:42:36.414Z,0.00005000
btcusdt,108176.06000000,2025-08-29T18:42:36.414Z,0.00005000
btcusdt,108176.06000000,2025-08-29T18:42:36.414Z,0.00005000
btcusdt,108176.06000000,2025-08-29T18:42:36.414Z,0.00005000
btcusdt,108176.01000000,2025-08-29T18:42:36.414Z,0.00005000
btcusdt,108176.01000000,2025-08-29T18:42:36.414Z,0.00005000
btcusdt,108176.01000000,2025-08-29T18:42:36.414Z,0.00005000
btcusdt,108176.01000000,2025-08-29T18:42:36.414Z,0.00005000
btcusdt,108176.01000000,2025-08-29T18:42:36.414Z,0.00005000
btcusdt,108176.01000000,2025-08-29T18:42:36.414Z,0.00005000
btcusdt,108176.01000000,2025-08-29T18:42:36.414Z,0.00005000
btcusdt,108176.01000000,2025-08-29T18:42:36.414Z,0.00005000
btcusdt,108176.01000000,2025-08-29T18:42:36.414Z,0.00005000
btcusdt,108176.00000000,2025-08-29T18:42:36.414Z,0.00005000
btcusdt,108176.00000000,2025-08-29T18:42:36.414Z,0.00005000
btcusdt,108176.00000000,2025-08-29T18:42:36.414Z,0.00005000
btcusdt,108175.64000000,2025-08-29T18:42:36.415Z,0.00005000
btcusdt,108175.64000000,2025-08-29T18:42:36.415Z,0.00005000
btcusdt,108175.64000000,2025-08-29T18:42:36.415Z,0.00005000
btcusdt,108175.63000000,2025-08-29T18:42:36.415Z,0.00005000
btcusdt,108175.63000000,2025-08-29T18:42:36.415Z,0.00005000
btcusdt,108175.63000000,2025-08-29T18:42:36.415Z,0.00005000
btcusdt,108174.95000000,2025-08-29T18:42:36.415Z,0.00009000
btcusdt,108174.95000000,2025-08-29T18:42:36.415Z,0.00009000
btcusdt,108174.95000000,2025-08-29T18:42:36.415Z,0.00009000
btcusdt,108174.55000000,2025-08-29T18:42:36.415Z,0.00005000
btcusdt,108174.55000000,2025-08-29T18:42:36.415Z,0.00005000
btcusdt,108174.55000000,2025-08-29T18:42:36.415Z,0.00005000
btcusdt,108172.36000000,2025-08-29T18:42:36.416Z,0.00006000
btcusdt,108172.36000000,2025-08-29T18:42:36.416Z,0.00006000
btcusdt,108172.36000000,2025-08-29T18:42:36.416Z,0.00006000
btcusdt,108172.33000000,2025-08-29T18:42:36.419Z,0.01848000
btcusdt,108172.33000000,2025-08-29T18:42:36.419Z,0.01848000
btcusdt,108172.33000000,2025-08-29T18:42:36.419Z,0.01848000
btcusdt,108172.33000000,2025-08-29T18:42:36.419Z,0.00005000
btcusdt,108172.33000000,2025-08-29T18:42:36.419Z,0.00005000
btcusdt,108172.33000000,2025-08-29T18:42:36.419Z,0.00005000
btcusdt,108172.33000000,2025-08-29T18:42:36.419Z,0.00005000
btcusdt,108172.33000000,2025-08-29T18:42:36.419Z,0.00005000
btcusdt,108172.33000000,2025-08-29T18:42:36.419Z,0.00005000
btcusdt,108172.33000000,2025-08-29T18:42:36.419Z,0.00005000
btcusdt,108172.33000000,2025-08-29T18:42:36.419Z,0.00005000
btcusdt,108172.33000000,2025-08-29T18:42:36.419Z,0.00005000
btcusdt,108172.33000000,2025-08-29T18:42:36.419Z,0.00005000
btcusdt,108172.33000000,2025-08-29T18:42:36.419Z,0.00005000
btcusdt,108172.33000000,2025-08-29T18:42:36.419Z,0.00005000
btcusdt,108172.32000000,2025-08-29T18:42:36.419Z,0.00149000
btcusdt,108172.32000000,2025-08-29T18:42:36.419Z,0.00149000
btcusdt,108172.32000000,2025-08-29T18:42:36.419Z,0.00149000
btcusdt,108172.32000000,2025-08-29T18:42:36.419Z,0.00005000
btcusdt,108172.32000000,2025-08-29T18:42:36.419Z,0.00005000
btcusdt,108172.32000000,2025-08-29T18:42:36.419Z,0.00005000
btcusdt,108172.32000000,2025-08-29T18:42:36.419Z,0.00005000
btcusdt,108172.32000000,2025-08-29T18:42:36.419Z,0.00005000
btcusdt,108172.32000000,2025-08-29T18:42:36.419Z,0.00005000
btcusdt,108172.32000000,2025-08-29T18:42:36.419Z,0.00005000
btcusdt,108172.32000000,2025-08-29T18:42:36.419Z,0.00005000
btcusdt,108172.32000000,2025-08-29T18:42:36.419Z,0.00005000
btcusdt,108172.32000000,2025-08-29T18:42:36.419Z,0.00005000
btcusdt,108172.32000000,2025-08-29T18:42:36.419Z,0.00005000
btcusdt,108172.32000000,2025-08-29T18:42:36.419Z,0.00005000
btcusdt,108172.32000000,2025-08-29T18:42:36.419Z,0.00005000
btcusdt,108172.32000000,2025-08-29T18:42:36.419Z,0.00005000
btcusdt,108172.32000000,2025-08-29T18:42:36.419Z,0.00005000
btcusdt,108172.32000000,2025-08-29T18:42:36.419Z,0.00005000
btcusdt,108172.32000000,2025-08-29T18:42:36.419Z,0.00005000
btcusdt,108172.32000000,2025-08-29T18:42:36.419Z,0.00005000
btcusdt,108172.30000000,2025-08-29T18:42:36.419Z,0.00005000
btcusdt,108172.30000000,2025-08-29T18:42:36.419Z,0.00005000
btcusdt,108172.30000000,2025-08-29T18:42:36.419Z,0.00005000
btcusdt,108171.45000000,2025-08-29T18:42:36.419Z,0.00117000
btcusdt,108171.45000000,2025-08-29T18:42:36.419Z,0.00117000
btcusdt,108171.45000000,2025-08-29T18:42:36.419Z,0.00117000
btcusdt,108171.45000000,2025-08-29T18:42:36.419Z,0.00050000
btcusdt,108171.45000000,2025-08-29T18:42:36.419Z,0.00050000
btcusdt,108171.45000000,2025-08-29T18:42:36.419Z,0.00050000
btcusdt,108172.33000000,2025-08-29T18:42:36.420Z,0.00005000
btcusdt,108172.33000000,2025-08-29T18:42:36.420Z,0.00005000
btcusdt,108172.33000000,2025-08-29T18:42:36.420Z,0.00005000
btcusdt,108172.33000000,2025-08-29T18:42:36.420Z,0.00005000
btcusdt,108172.33000000,2025-08-29T18:42:36.420Z,0.00005000
btcusdt,108172.33000000,2025-08-29T18:42:36.420Z,0.00005000
btcusdt,108172.33000000,2025-08-29T18:42:36.420Z,0.00005000
btcusdt,108172.33000000,2025-08-29T18:42:36.420Z,0.00005000
btcusdt,108172.33000000,2025-08-29T18:42:36.420Z,0.00005000
btcusdt,108172.32000000,2025-08-29T18:42:36.420Z,0.00005000
btcusdt,108172.32000000,2025-08-29T18:42:36.420Z,0.00005000
btcusdt,108172.32000000,2025-08-29T18:42:36.420Z,0.00005000
btcusdt,108172.33000000,2025-08-29T18:42:36.435Z,0.00005000
btcusdt,108172.33000000,2025-08-29T18:42:36.435Z,0.00005000
btcusdt,108172.33000000,2025-08-29T18:42:36.435Z,0.00005000
btcusdt,108172.33000000,2025-08-29T18:42:36.435Z,0.00005000
btcusdt,108172.33000000,2025-08-29T18:42:36.435Z,0.00005000
btcusdt,108172.33000000,2025-08-29T18:42:36.435Z,0.00005000
btcusdt,108172.33000000,2025-08-29T18:42:36.435Z,0.00005000
btcusdt,108172.33000000,2025-08-29T18:42:36.435Z,0.00005000
btcusdt,108172.33000000,2025-08-29T18:42:36.435Z,0.00005000
btcusdt,108172.33000000,2025-08-29T18:42:36.435Z,0.00005000
btcusdt,108172.33000000,2025-08-29T18:42:36.435Z,0.00005000
btcusdt,108172.33000000,2025-08-29T18:42:36.435Z,0.00005000
btcusdt,108172.33000000,2025-08-29T18:42:36.435Z,0.00005000
btcusdt,108172.33000000,2025-08-29T18:42:36.435Z,0.00005000
btcusdt,108172.33000000,2025-08-29T18:42:36.435Z,0.00005000
btcusdt,108172.33000000,2025-08-29T18:42:36.435Z,0.00005000
btcusdt,108172.33000000,2025-08-29T18:42:36.435Z,0.00005000
btcusdt,108172.33000000,2025-08-29T18:42:36.435Z,0.00005000
btcusdt,108172.33000000,2025-08-29T18:42:36.435Z,0.00005000
btcusdt,108172.33000000,2025-08-29T18:42:36.435Z,0.00005000
btcusdt,108172.33000000,2025-08-29T18:42:36.435Z,0.00005000
btcusdt,108172.33000000,2025-08-29T18:42:36.435Z,0.00005000
btcusdt,108172.33000000,2025-08-29T18:42:36.435Z,0.00005000
btcusdt,108172.33000000,2025-08-29T18:42:36.435Z,0.00005000
btcusdt,108172.33000000,2025-08-29T18:42:36.435Z,0.00005000
btcusdt,108172.33000000,2025-08-29T18:42:36.435Z,0.00005000
btcusdt,108172.33000000,2025-08-29T18:42:36.435Z,0.00005000
btcusdt,108172.33000000,2025-08-29T18:42:36.435Z,0.00005000
btcusdt,108172.33000000,2025-08-29T18:42:36.435Z,0.00005000
btcusdt,108172.33000000,2025-08-29T18:42:36.435Z,0.00005000
btcusdt,108172.33000000,2025-08-29T18:42:36.435Z,0.00005000
btcusdt,108172.33000000,2025-08-29T18:42:36.435Z,0.00005000
btcusdt,108172.33000000,2025-08-29T18:42:36.435Z,0.00005000
btcusdt,108172.33000000,2025-08-29T18:42:36.435Z,0.00005000
btcusdt,108172.33000000,2025-08-29T18:42:36.435Z,0.00005000
btcusdt,108172.33000000,2025-08-29T18:42:36.435Z,0.00005000
btcusdt,108172.33000000,2025-08-29T18:42:36.435Z,0.00005000
btcusdt,108172.33000000,2025-08-29T18:42:36.435Z,0.00005000
btcusdt,108172.33000000,2025-08-29T18:42:36.435Z,0.00005000
btcusdt,108172.33000000,2025-08-29T18:42:36.435Z,0.00005000
btcusdt,108172.33000000,2025-08-29T18:42:36.435Z,0.00005000
btcusdt,108172.33000000,2025-08-29T18:42:36.435Z,0.00005000
btcusdt,108172.33000000,2025-08-29T18:42:36.435Z,0.00005000
btcusdt,108172.33000000,2025-08-29T18:42:36.435Z,0.00005000
btcusdt,108172.33000000,2025-08-29T18:42:36.435Z,0.00005000
btcusdt,108172.33000000,2025-08-29T18:42:36.435Z,0.00005000
btcusdt,108172.33000000,2025-08-29T18:42:36.435Z,0.00005000
btcusdt,108172.33000000,2025-08-29T18:42:36.435Z,0.00005000
btcusdt,108172.33000000,2025-08-29T18:42:36.435Z,0.00005000
btcusdt,108172.33000000,2025-08-29T18:42:36.435Z,0.00005000
btcusdt,108172.33000000,2025-08-29T18:42:36.435Z,0.00005000
btcusdt,108172.33000000,2025-08-29T18:42:36.435Z,0.00005000
btcusdt,108172.33000000,2025-08-29T18:42:36.435Z,0.00005000
btcusdt,108172.33000000,2025-08-29T18:42:36.435Z,0.00005000
btcusdt,108172.32000000,2025-08-29T18:42:36.435Z,0.00005000
btcusdt,108172.32000000,2025-08-29T18:42:36.435Z,0.00005000
btcusdt,108172.32000000,2025-08-29T18:42:36.435Z,0.00005000
btcusdt,108172.32000000,2025-08-29T18:42:36.435Z,0.00005000
btcusdt,108172.32000000,2025-08-29T18:42:36.435Z,0.00005000
btcusdt,108172.32000000,2025-08-29T18:42:36.435Z,0.00005000
btcusdt,108172.32000000,2025-08-29T18:42:36.435Z,0.00005000
btcusdt,108172.32000000,2025-08-29T18:42:36.435Z,0.00005000
btcusdt,108172.32000000,2025-08-29T18:42:36.435Z,0.00005000
btcusdt,108172.32000000,2025-08-29T18:42:36.435Z,0.00005000
btcusdt,108172.32000000,2025-08-29T18:42:36.435Z,0.00005000
btcusdt,108172.32000000,2025-08-29T18:42:36.435Z,0.00005000
btcusdt,108172.32000000,2025-08-29T18:42:36.435Z,0.00005000
btcusdt,108172.32000000,2025-08-29T18:42:36.435Z,0.00005000
btcusdt,108172.32000000,2025-08-29T18:42:36.435Z,0.00005000
btcusdt,108172.32000000,2025-08-29T18:42:36.435Z,0.00005000
btcusdt,108172.32000000,2025-08-29T18:42:36.435Z,0.00005000
btcusdt,108172.32000000,2025-08-29T18:42:36.435Z,0.00005000
btcusdt,108172.32000000,2025-08-29T18:42:36.435Z,0.00005000
btcusdt,108172.32000000,2025-08-29T18:42:36.435Z,0.00005000
btcusdt,108172.32000000,2025-08-29T18:42:36.435Z,0.00005000
btcusdt,108172.32000000,2025-08-29T18:42:36.435Z,0.00005000
btcusdt,108172.32000000,2025-08-29T18:42:36.435Z,0.00005000
btcusdt,108172.32000000,2025-08-29T18:42:36.435Z,0.00005000
btcusdt,108172.32000000,2025-08-29T18:42:36.435Z,0.00005000
btcusdt,108172.32000000,2025-08-29T18:42:36.435Z,0.00005000
btcusdt,108172.32000000,2025-08-29T18:42:36.435Z,0.00005000
btcusdt,108172.32000000,2025-08-29T18:42:36.435Z,0.00005000
btcusdt,108172.32000000,2025-08-29T18:42:36.435Z,0.00005000
btcusdt,108172.32000000,2025-08-29T18:42:36.435Z,0.00005000
btcusdt,108172.32000000,2025-08-29T18:42:36.435Z,0.00005000
btcusdt,108172.32000000,2025-08-29T18:42:36.435Z,0.00005000
btcusdt,108172.32000000,2025-08-29T18:42:36.435Z,0.00005000
btcusdt,108172.32000000,2025-08-29T18:42:36.435Z,0.00005000
btcusdt,108172.32000000,2025-08-29T18:42:36.435Z,0.00005000
btcusdt,108172.32000000,2025-08-29T18:42:36.435Z,0.00005000
btcusdt,108172.31000000,2025-08-29T18:42:36.435Z,0.00005000
btcusdt,108172.31000000,2025-08-29T18:42:36.435Z,0.00005000
btcusdt,108172.31000000,2025-08-29T18:42:36.435Z,0.00005000
btcusdt,108172.31000000,2025-08-29T18:42:36.435Z,0.00005000
btcusdt,108172.31000000,2025-08-29T18:42:36.435Z,0.00005000
btcusdt,108172.31000000,2025-08-29T18:42:36.435Z,0.00005000
btcusdt,108172.31000000,2025-08-29T18:42:36.435Z,0.00005000
btcusdt,108172.31000000,2025-08-29T18:42:36.435Z,0.00005000
btcusdt,108172.31000000,2025-08-29T18:42:36.435Z,0.00005000
btcusdt,108172.31000000,2025-08-29T18:42:36.435Z,0.00002000
btcusdt,108172.31000000,2025-08-29T18:42:36.435Z,0.00002000
btcusdt,108172.31000000,2025-08-29T18:42:36.435Z,0.00002000
btcusdt,108172.31000000,2025-08-29T18:42:36.468Z,0.00003000
btcusdt,108172.31000000,2025-08-29T18:42:36.468Z,0.00003000
btcusdt,108172.31000000,2025-08-29T18:42:36.468Z,0.00003000
btcusdt,108172.31000000,2025-08-29T18:42:36.468Z,0.00005000
btcusdt,108172.31000000,2025-08-29T18:42:36.468Z,0.00005000
btcusdt,108172.31000000,2025-08-29T18:42:36.468Z,0.00005000
btcusdt,108172.31000000,2025-08-29T18:42:36.468Z,0.00005000
btcusdt,108172.31000000,2025-08-29T18:42:36.468Z,0.00005000
btcusdt,108172.31000000,2025-08-29T18:42:36.468Z,0.00005000
btcusdt,108172.31000000,2025-08-29T18:42:36.468Z,0.00005000
btcusdt,108172.31000000,2025-08-29T18:42:36.468Z,0.00005000
btcusdt,108172.31000000,2025-08-29T18:42:36.468Z,0.00005000
btcusdt,108172.31000000,2025-08-29T18:42:36.468Z,0.00005000
btcusdt,108172.31000000,2025-08-29T18:42:36.468Z,0.00005000
btcusdt,108172.31000000,2025-08-29T18:42:36.468Z,0.00005000
btcusdt,108172.31000000,2025-08-29T18:42:36.468Z,0.00005000
btcusdt,108172.31000000,2025-08-29T18:42:36.468Z,0.00005000
