symbol,price,timeStamp,quantity
ethusdt,4314.67000000,2025-08-29T18:29:10.426Z,0.00120000
ethusdt,4314.67000000,2025-08-29T18:29:10.426Z,0.00120000
ethusdt,4314.67000000,2025-08-29T18:29:10.426Z,0.00120000
ethusdt,4314.67000000,2025-08-29T18:29:10.426Z,0.00120000
ethusdt,4314.67000000,2025-08-29T18:29:10.426Z,0.00120000
ethusdt,4314.67000000,2025-08-29T18:29:10.426Z,0.00120000
ethusdt,4314.67000000,2025-08-29T18:29:10.426Z,0.00600000
ethusdt,4314.67000000,2025-08-29T18:29:10.426Z,0.00600000
ethusdt,4314.67000000,2025-08-29T18:29:10.426Z,0.00600000
ethusdt,4314.67000000,2025-08-29T18:29:10.426Z,0.00120000
ethusdt,4314.67000000,2025-08-29T18:29:10.426Z,0.00120000
ethusdt,4314.67000000,2025-08-29T18:29:10.426Z,0.00120000
ethusdt,4314.67000000,2025-08-29T18:29:10.426Z,0.00120000
ethusdt,4314.67000000,2025-08-29T18:29:10.426Z,0.00120000
ethusdt,4314.67000000,2025-08-29T18:29:10.426Z,0.00120000
ethusdt,4314.68000000,2025-08-29T18:29:10.427Z,0.00120000
ethusdt,4314.68000000,2025-08-29T18:29:10.427Z,0.00120000
ethusdt,4314.68000000,2025-08-29T18:29:10.427Z,0.00120000
ethusdt,4314.68000000,2025-08-29T18:29:10.427Z,0.00120000
ethusdt,4314.68000000,2025-08-29T18:29:10.427Z,0.00120000
ethusdt,4314.68000000,2025-08-29T18:29:10.427Z,0.00120000
ethusdt,4314.68000000,2025-08-29T18:29:10.427Z,0.00120000
ethusdt,4314.68000000,2025-08-29T18:29:10.427Z,0.00120000
ethusdt,4314.68000000,2025-08-29T18:29:10.427Z,0.00120000
ethusdt,4314.68000000,2025-08-29T18:29:10.427Z,0.00120000
ethusdt,4314.68000000,2025-08-29T18:29:10.427Z,0.00120000
ethusdt,4314.68000000,2025-08-29T18:29:10.427Z,0.00120000
ethusdt,4314.68000000,2025-08-29T18:29:10.427Z,0.00120000
ethusdt,4314.68000000,2025-08-29T18:29:10.427Z,0.00120000
ethusdt,4314.68000000,2025-08-29T18:29:10.427Z,0.00120000
ethusdt,4314.68000000,2025-08-29T18:29:10.427Z,0.00120000
ethusdt,4314.68000000,2025-08-29T18:29:10.427Z,0.00120000
ethusdt,4314.68000000,2025-08-29T18:29:10.427Z,0.00120000
ethusdt,4314.68000000,2025-08-29T18:29:10.427Z,0.00600000
ethusdt,4314.68000000,2025-08-29T18:29:10.427Z,0.00600000
ethusdt,4314.68000000,2025-08-29T18:29:10.427Z,0.00600000
ethusdt,4314.69000000,2025-08-29T18:29:10.427Z,0.08650000
ethusdt,4314.69000000,2025-08-29T18:29:10.427Z,0.08650000
ethusdt,4314.69000000,2025-08-29T18:29:10.427Z,0.08650000
ethusdt,4314.69000000,2025-08-29T18:29:10.427Z,0.00120000
ethusdt,4314.69000000,2025-08-29T18:29:10.427Z,0.00120000
ethusdt,4314.69000000,2025-08-29T18:29:10.427Z,0.00120000
ethusdt,4314.70000000,2025-08-29T18:29:10.427Z,0.00120000
ethusdt,4314.70000000,2025-08-29T18:29:10.427Z,0.00120000
ethusdt,4314.70000000,2025-08-29T18:29:10.427Z,0.00120000
ethusdt,4314.76000000,2025-08-29T18:29:10.458Z,0.00120000
ethusdt,4314.76000000,2025-08-29T18:29:10.458Z,0.00120000
ethusdt,4314.76000000,2025-08-29T18:29:10.458Z,0.00120000
ethusdt,4314.76000000,2025-08-29T18:29:10.458Z,0.00600000
ethusdt,4314.76000000,2025-08-29T18:29:10.458Z,0.00600000
ethusdt,4314.76000000,2025-08-29T18:29:10.458Z,0.00600000
ethusdt,4314.76000000,2025-08-29T18:29:10.458Z,0.00120000
ethusdt,4314.76000000,2025-08-29T18:29:10.458Z,0.00120000
ethusdt,4314.76000000,2025-08-29T18:29:10.458Z,0.00120000
ethusdt,4314.76000000,2025-08-29T18:29:10.458Z,0.00120000
ethusdt,4314.76000000,2025-08-29T18:29:10.458Z,0.00120000
ethusdt,4314.76000000,2025-08-29T18:29:10.458Z,0.00120000
ethusdt,4314.76000000,2025-08-29T18:29:10.458Z,0.00120000
ethusdt,4314.76000000,2025-08-29T18:29:10.458Z,0.00120000
ethusdt,4314.76000000,2025-08-29T18:29:10.458Z,0.00120000
ethusdt,4314.76000000,2025-08-29T18:29:10.458Z,0.00120000
ethusdt,4314.76000000,2025-08-29T18:29:10.458Z,0.00120000
ethusdt,4314.76000000,2025-08-29T18:29:10.458Z,0.00120000
ethusdt,4314.76000000,2025-08-29T18:29:10.458Z,0.00120000
ethusdt,4314.76000000,2025-08-29T18:29:10.458Z,0.00120000
ethusdt,4314.76000000,2025-08-29T18:29:10.458Z,0.00120000
ethusdt,4314.77000000,2025-08-29T18:29:10.458Z,0.00120000
ethusdt,4314.77000000,2025-08-29T18:29:10.458Z,0.00120000
ethusdt,4314.77000000,2025-08-29T18:29:10.458Z,0.00120000
ethusdt,4314.77000000,2025-08-29T18:29:10.458Z,0.00120000
ethusdt,4314.77000000,2025-08-29T18:29:10.458Z,0.00120000
ethusdt,4314.77000000,2025-08-29T18:29:10.458Z,0.00120000
ethusdt,4314.77000000,2025-08-29T18:29:10.458Z,0.00120000
ethusdt,4314.77000000,2025-08-29T18:29:10.458Z,0.00120000
ethusdt,4314.77000000,2025-08-29T18:29:10.458Z,0.00120000
ethusdt,4314.77000000,2025-08-29T18:29:10.458Z,0.00120000
ethusdt,4314.77000000,2025-08-29T18:29:10.458Z,0.00120000
ethusdt,4314.77000000,2025-08-29T18:29:10.458Z,0.00120000
ethusdt,4314.77000000,2025-08-29T18:29:10.458Z,0.00120000
ethusdt,4314.77000000,2025-08-29T18:29:10.458Z,0.00120000
ethusdt,4314.77000000,2025-08-29T18:29:10.458Z,0.00120000
ethusdt,4314.78000000,2025-08-29T18:29:10.458Z,0.02320000
ethusdt,4314.78000000,2025-08-29T18:29:10.458Z,0.02320000
ethusdt,4314.78000000,2025-08-29T18:29:10.458Z,0.02320000
ethusdt,4314.78000000,2025-08-29T18:29:10.458Z,0.00120000
ethusdt,4314.78000000,2025-08-29T18:29:10.458Z,0.00120000
ethusdt,4314.78000000,2025-08-29T18:29:10.458Z,0.00120000
ethusdt,4314.79000000,2025-08-29T18:29:10.458Z,0.00120000
ethusdt,4314.79000000,2025-08-29T18:29:10.458Z,0.00120000
ethusdt,4314.79000000,2025-08-29T18:29:10.458Z,0.00120000
ethusdt,4314.80000000,2025-08-29T18:29:10.458Z,0.00120000
ethusdt,4314.80000000,2025-08-29T18:29:10.458Z,0.00120000
ethusdt,4314.80000000,2025-08-29T18:29:10.458Z,0.00120000
ethusdt,4314.83000000,2025-08-29T18:29:10.458Z,0.04640000
ethusdt,4314.83000000,2025-08-29T18:29:10.458Z,0.04640000
ethusdt,4314.83000000,2025-08-29T18:29:10.458Z,0.04640000
ethusdt,4314.83000000,2025-08-29T18:29:10.458Z,0.00120000
ethusdt,4314.83000000,2025-08-29T18:29:10.458Z,0.00120000
ethusdt,4314.83000000,2025-08-29T18:29:10.458Z,0.00120000
ethusdt,4314.84000000,2025-08-29T18:29:10.616Z,0.06960000
ethusdt,4314.84000000,2025-08-29T18:29:10.616Z,0.06960000
ethusdt,4314.84000000,2025-08-29T18:29:10.616Z,0.06960000
ethusdt,4314.84000000,2025-08-29T18:29:10.616Z,0.06960000
ethusdt,4314.84000000,2025-08-29T18:29:10.616Z,0.06960000
ethusdt,4314.84000000,2025-08-29T18:29:10.616Z,0.06960000
ethusdt,4314.84000000,2025-08-29T18:29:10.616Z,0.00120000
ethusdt,4314.84000000,2025-08-29T18:29:10.616Z,0.00120000
ethusdt,4314.84000000,2025-08-29T18:29:10.616Z,0.00120000
ethusdt,4314.84000000,2025-08-29T18:29:10.616Z,0.00600000
ethusdt,4314.84000000,2025-08-29T18:29:10.616Z,0.00600000
ethusdt,4314.84000000,2025-08-29T18:29:10.616Z,0.00600000
ethusdt,4314.84000000,2025-08-29T18:29:10.616Z,0.00120000
ethusdt,4314.84000000,2025-08-29T18:29:10.616Z,0.00120000
ethusdt,4314.84000000,2025-08-29T18:29:10.616Z,0.00120000
ethusdt,4314.84000000,2025-08-29T18:29:10.616Z,0.00120000
ethusdt,4314.84000000,2025-08-29T18:29:10.616Z,0.00120000
ethusdt,4314.84000000,2025-08-29T18:29:10.616Z,0.00120000
ethusdt,4314.84000000,2025-08-29T18:29:10.616Z,0.00120000
ethusdt,4314.84000000,2025-08-29T18:29:10.616Z,0.00120000
ethusdt,4314.84000000,2025-08-29T18:29:10.616Z,0.00120000
ethusdt,4314.84000000,2025-08-29T18:29:10.616Z,0.00120000
ethusdt,4314.84000000,2025-08-29T18:29:10.616Z,0.00120000
ethusdt,4314.84000000,2025-08-29T18:29:10.616Z,0.00120000
ethusdt,4314.84000000,2025-08-29T18:29:10.616Z,0.00120000
ethusdt,4314.84000000,2025-08-29T18:29:10.616Z,0.00120000
ethusdt,4314.84000000,2025-08-29T18:29:10.616Z,0.00120000
ethusdt,4314.84000000,2025-08-29T18:29:10.616Z,0.00120000
ethusdt,4314.84000000,2025-08-29T18:29:10.616Z,0.00120000
ethusdt,4314.84000000,2025-08-29T18:29:10.616Z,0.00120000
ethusdt,4314.84000000,2025-08-29T18:29:10.616Z,0.00120000
ethusdt,4314.84000000,2025-08-29T18:29:10.616Z,0.00120000
ethusdt,4314.84000000,2025-08-29T18:29:10.616Z,0.00120000
ethusdt,4314.84000000,2025-08-29T18:29:10.616Z,0.00120000
ethusdt,4314.84000000,2025-08-29T18:29:10.616Z,0.00120000
ethusdt,4314.84000000,2025-08-29T18:29:10.616Z,0.00120000
ethusdt,4314.84000000,2025-08-29T18:29:10.616Z,0.00120000
ethusdt,4314.84000000,2025-08-29T18:29:10.616Z,0.00120000
ethusdt,4314.84000000,2025-08-29T18:29:10.616Z,0.00120000
ethusdt,4314.84000000,2025-08-29T18:29:10.616Z,0.00120000
ethusdt,4314.84000000,2025-08-29T18:29:10.616Z,0.00120000
ethusdt,4314.84000000,2025-08-29T18:29:10.616Z,0.00120000
ethusdt,4314.84000000,2025-08-29T18:29:10.616Z,0.02360000
ethusdt,4314.84000000,2025-08-29T18:29:10.616Z,0.02360000
ethusdt,4314.84000000,2025-08-29T18:29:10.616Z,0.02360000
ethusdt,4314.85000000,2025-08-29T18:29:10.616Z,0.00120000
ethusdt,4314.85000000,2025-08-29T18:29:10.616Z,0.00120000
ethusdt,4314.85000000,2025-08-29T18:29:10.616Z,0.00120000
ethusdt,4314.85000000,2025-08-29T18:29:10.616Z,0.00120000
ethusdt,4314.85000000,2025-08-29T18:29:10.616Z,0.00120000
ethusdt,4314.85000000,2025-08-29T18:29:10.616Z,0.00120000
ethusdt,4314.85000000,2025-08-29T18:29:10.616Z,0.00120000
ethusdt,4314.85000000,2025-08-29T18:29:10.616Z,0.00120000
ethusdt,4314.85000000,2025-08-29T18:29:10.616Z,0.00120000
ethusdt,4314.85000000,2025-08-29T18:29:10.616Z,0.00120000
ethusdt,4314.85000000,2025-08-29T18:29:10.616Z,0.00120000
ethusdt,4314.85000000,2025-08-29T18:29:10.616Z,0.00120000
ethusdt,4314.85000000,2025-08-29T18:29:10.616Z,0.00120000
ethusdt,4314.85000000,2025-08-29T18:29:10.616Z,0.00120000
ethusdt,4314.85000000,2025-08-29T18:29:10.616Z,0.00120000
ethusdt,4314.85000000,2025-08-29T18:29:10.616Z,0.00120000
ethusdt,4314.85000000,2025-08-29T18:29:10.616Z,0.00120000
ethusdt,4314.85000000,2025-08-29T18:29:10.616Z,0.00120000
ethusdt,4314.86000000,2025-08-29T18:29:10.616Z,0.03480000
ethusdt,4314.86000000,2025-08-29T18:29:10.616Z,0.03480000
ethusdt,4314.86000000,2025-08-29T18:29:10.616Z,0.03480000
ethusdt,4314.86000000,2025-08-29T18:29:10.616Z,0.00120000
ethusdt,4314.86000000,2025-08-29T18:29:10.616Z,0.00120000
ethusdt,4314.86000000,2025-08-29T18:29:10.616Z,0.00120000
ethusdt,4314.88000000,2025-08-29T18:29:10.616Z,0.00120000
ethusdt,4314.88000000,2025-08-29T18:29:10.616Z,0.00120000
ethusdt,4314.88000000,2025-08-29T18:29:10.616Z,0.00120000
ethusdt,4314.90000000,2025-08-29T18:29:10.616Z,0.00120000
ethusdt,4314.90000000,2025-08-29T18:29:10.616Z,0.00120000
ethusdt,4314.90000000,2025-08-29T18:29:10.616Z,0.00120000
ethusdt,4314.92000000,2025-08-29T18:29:10.616Z,0.00120000
ethusdt,4314.92000000,2025-08-29T18:29:10.616Z,0.00120000
ethusdt,4314.92000000,2025-08-29T18:29:10.616Z,0.00120000
ethusdt,4314.92000000,2025-08-29T18:29:10.616Z,0.00120000
ethusdt,4314.92000000,2025-08-29T18:29:10.616Z,0.00120000
ethusdt,4314.92000000,2025-08-29T18:29:10.616Z,0.00120000
ethusdt,4314.92000000,2025-08-29T18:29:10.616Z,0.00120000
ethusdt,4314.92000000,2025-08-29T18:29:10.616Z,0.00120000
ethusdt,4314.92000000,2025-08-29T18:29:10.616Z,0.00120000
ethusdt,4314.94000000,2025-08-29T18:29:10.616Z,0.11590000
ethusdt,4314.94000000,2025-08-29T18:29:10.616Z,0.11590000
ethusdt,4314.94000000,2025-08-29T18:29:10.616Z,0.11590000
ethusdt,4314.94000000,2025-08-29T18:29:10.616Z,0.00120000
ethusdt,4314.94000000,2025-08-29T18:29:10.616Z,0.00120000
ethusdt,4314.94000000,2025-08-29T18:29:10.616Z,0.00120000
ethusdt,4314.99000000,2025-08-29T18:29:10.616Z,0.00120000
ethusdt,4314.99000000,2025-08-29T18:29:10.616Z,0.00120000
ethusdt,4314.99000000,2025-08-29T18:29:10.616Z,0.00120000
ethusdt,4314.99000000,2025-08-29T18:29:10.616Z,0.00120000
ethusdt,4314.99000000,2025-08-29T18:29:10.616Z,0.00120000
ethusdt,4314.99000000,2025-08-29T18:29:10.616Z,0.00120000
ethusdt,4314.99000000,2025-08-29T18:29:11.090Z,0.03130000
ethusdt,4314.99000000,2025-08-29T18:29:11.090Z,0.03130000
ethusdt,4314.99000000,2025-08-29T18:29:11.090Z,0.03130000
ethusdt,4314.99000000,2025-08-29T18:29:12.483Z,0.04640000
ethusdt,4314.99000000,2025-08-29T18:29:12.483Z,0.04640000
ethusdt,4314.99000000,2025-08-29T18:29:12.483Z,0.04640000
ethusdt,4315.00000000,2025-08-29T18:29:12.585Z,0.11550000
ethusdt,4315.00000000,2025-08-29T18:29:12.585Z,0.11550000
ethusdt,4315.00000000,2025-08-29T18:29:12.585Z,0.11550000
ethusdt,4315.00000000,2025-08-29T18:29:12.585Z,0.04630000
ethusdt,4315.00000000,2025-08-29T18:29:12.585Z,0.04630000
ethusdt,4315.00000000,2025-08-29T18:29:12.585Z,0.04630000
ethusdt,4315.00000000,2025-08-29T18:29:12.585Z,1.10690000
ethusdt,4315.00000000,2025-08-29T18:29:12.585Z,1.10690000
ethusdt,4315.00000000,2025-08-29T18:29:12.585Z,1.10690000
ethusdt,4315.00000000,2025-08-29T18:29:12.585Z,0.90210000
ethusdt,4315.00000000,2025-08-29T18:29:12.585Z,0.90210000
ethusdt,4315.00000000,2025-08-29T18:29:12.585Z,0.90210000
ethusdt,4315.00000000,2025-08-29T18:29:12.585Z,0.75880000
ethusdt,4315.00000000,2025-08-29T18:29:12.585Z,0.75880000
ethusdt,4315.00000000,2025-08-29T18:29:12.585Z,0.75880000
ethusdt,4315.00000000,2025-08-29T18:29:12.585Z,0.24120000
ethusdt,4315.00000000,2025-08-29T18:29:12.585Z,0.24120000
ethusdt,4315.00000000,2025-08-29T18:29:12.585Z,0.24120000
ethusdt,4315.00000000,2025-08-29T18:29:12.585Z,0.00120000
ethusdt,4315.00000000,2025-08-29T18:29:12.585Z,0.00120000
ethusdt,4315.00000000,2025-08-29T18:29:12.585Z,0.00120000
ethusdt,4315.00000000,2025-08-29T18:29:12.585Z,0.11840000
ethusdt,4315.00000000,2025-08-29T18:29:12.585Z,0.11840000
ethusdt,4315.00000000,2025-08-29T18:29:12.585Z,0.11840000
ethusdt,4315.00000000,2025-08-29T18:29:12.585Z,0.02220000
ethusdt,4315.00000000,2025-08-29T18:29:12.585Z,0.02220000
ethusdt,4315.00000000,2025-08-29T18:29:12.585Z,0.02220000
ethusdt,4315.00000000,2025-08-29T18:29:12.585Z,0.55980000
ethusdt,4315.00000000,2025-08-29T18:29:12.585Z,0.55980000
ethusdt,4315.00000000,2025-08-29T18:29:12.585Z,0.55980000
ethusdt,4315.00000000,2025-08-29T18:29:12.585Z,0.06210000
ethusdt,4315.00000000,2025-08-29T18:29:12.585Z,0.06210000
ethusdt,4315.00000000,2025-08-29T18:29:12.585Z,0.06210000
ethusdt,4315.00000000,2025-08-29T18:29:12.585Z,0.00600000
ethusdt,4315.00000000,2025-08-29T18:29:12.585Z,0.00600000
ethusdt,4315.00000000,2025-08-29T18:29:12.585Z,0.00600000
ethusdt,4315.01000000,2025-08-29T18:29:12.585Z,0.00120000
ethusdt,4315.01000000,2025-08-29T18:29:12.585Z,0.00120000
ethusdt,4315.01000000,2025-08-29T18:29:12.585Z,0.00120000
ethusdt,4315.01000000,2025-08-29T18:29:12.585Z,0.00120000
ethusdt,4315.01000000,2025-08-29T18:29:12.585Z,0.00120000
ethusdt,4315.01000000,2025-08-29T18:29:12.585Z,0.00120000
ethusdt,4315.02000000,2025-08-29T18:29:12.585Z,0.00120000
ethusdt,4315.02000000,2025-08-29T18:29:12.585Z,0.00120000
ethusdt,4315.02000000,2025-08-29T18:29:12.585Z,0.00120000
ethusdt,4315.03000000,2025-08-29T18:29:12.585Z,0.02320000
ethusdt,4315.03000000,2025-08-29T18:29:12.585Z,0.02320000
ethusdt,4315.03000000,2025-08-29T18:29:12.585Z,0.02320000
ethusdt,4315.03000000,2025-08-29T18:29:12.585Z,0.00120000
ethusdt,4315.03000000,2025-08-29T18:29:12.585Z,0.00120000
ethusdt,4315.03000000,2025-08-29T18:29:12.585Z,0.00120000
ethusdt,4315.05000000,2025-08-29T18:29:12.586Z,0.11590000
ethusdt,4315.05000000,2025-08-29T18:29:12.586Z,0.11590000
ethusdt,4315.05000000,2025-08-29T18:29:12.586Z,0.11590000
ethusdt,4315.05000000,2025-08-29T18:29:12.586Z,0.00120000
ethusdt,4315.05000000,2025-08-29T18:29:12.586Z,0.00120000
ethusdt,4315.05000000,2025-08-29T18:29:12.586Z,0.00120000
ethusdt,4315.06000000,2025-08-29T18:29:12.586Z,0.01400000
ethusdt,4315.06000000,2025-08-29T18:29:12.586Z,0.01400000
ethusdt,4315.06000000,2025-08-29T18:29:12.586Z,0.01400000
ethusdt,4315.06000000,2025-08-29T18:29:12.586Z,0.00120000
ethusdt,4315.06000000,2025-08-29T18:29:12.586Z,0.00120000
ethusdt,4315.06000000,2025-08-29T18:29:12.586Z,0.00120000
ethusdt,4315.07000000,2025-08-29T18:29:12.586Z,0.00120000
ethusdt,4315.07000000,2025-08-29T18:29:12.586Z,0.00120000
ethusdt,4315.07000000,2025-08-29T18:29:12.586Z,0.00120000
ethusdt,4315.10000000,2025-08-29T18:29:12.591Z,0.00120000
ethusdt,4315.10000000,2025-08-29T18:29:12.591Z,0.00120000
ethusdt,4315.10000000,2025-08-29T18:29:12.591Z,0.00120000
ethusdt,4315.11000000,2025-08-29T18:29:12.591Z,0.00120000
ethusdt,4315.11000000,2025-08-29T18:29:12.591Z,0.00120000
ethusdt,4315.11000000,2025-08-29T18:29:12.591Z,0.00120000
ethusdt,4315.13000000,2025-08-29T18:29:12.591Z,0.00120000
ethusdt,4315.13000000,2025-08-29T18:29:12.591Z,0.00120000
ethusdt,4315.13000000,2025-08-29T18:29:12.591Z,0.00120000
ethusdt,4315.14000000,2025-08-29T18:29:12.591Z,0.00200000
ethusdt,4315.14000000,2025-08-29T18:29:12.591Z,0.00200000
ethusdt,4315.14000000,2025-08-29T18:29:12.591Z,0.00200000
ethusdt,4315.14000000,2025-08-29T18:29:12.591Z,0.00120000
ethusdt,4315.14000000,2025-08-29T18:29:12.591Z,0.00120000
ethusdt,4315.14000000,2025-08-29T18:29:12.591Z,0.00120000
ethusdt,4315.14000000,2025-08-29T18:29:12.591Z,0.07250000
ethusdt,4315.14000000,2025-08-29T18:29:12.591Z,0.07250000
ethusdt,4315.14000000,2025-08-29T18:29:12.591Z,0.07250000
ethusdt,4315.16000000,2025-08-29T18:29:12.593Z,0.03030000
ethusdt,4315.16000000,2025-08-29T18:29:12.593Z,0.03030000
ethusdt,4315.16000000,2025-08-29T18:29:12.593Z,0.03030000
ethusdt,4315.16000000,2025-08-29T18:29:12.593Z,0.00600000
ethusdt,4315.16000000,2025-08-29T18:29:12.593Z,0.00600000
ethusdt,4315.16000000,2025-08-29T18:29:12.593Z,0.00600000
ethusdt,4315.16000000,2025-08-29T18:29:12.593Z,0.00120000
ethusdt,4315.16000000,2025-08-29T18:29:12.593Z,0.00120000
ethusdt,4315.16000000,2025-08-29T18:29:12.593Z,0.00120000
ethusdt,4315.18000000,2025-08-29T18:29:12.593Z,0.00120000
ethusdt,4315.18000000,2025-08-29T18:29:12.593Z,0.00120000
ethusdt,4315.18000000,2025-08-29T18:29:12.593Z,0.00120000
ethusdt,4315.20000000,2025-08-29T18:29:12.593Z,0.00600000
ethusdt,4315.20000000,2025-08-29T18:29:12.593Z,0.00600000
ethusdt,4315.20000000,2025-08-29T18:29:12.593Z,0.00600000
ethusdt,4315.21000000,2025-08-29T18:29:12.593Z,0.02320000
ethusdt,4315.21000000,2025-08-29T18:29:12.593Z,0.02320000
ethusdt,4315.21000000,2025-08-29T18:29:12.593Z,0.02320000
ethusdt,4315.21000000,2025-08-29T18:29:12.659Z,0.00120000
ethusdt,4315.21000000,2025-08-29T18:29:12.659Z,0.00120000
ethusdt,4315.21000000,2025-08-29T18:29:12.659Z,0.00120000
ethusdt,4315.21000000,2025-08-29T18:29:12.659Z,0.00120000
ethusdt,4315.21000000,2025-08-29T18:29:12.659Z,0.00120000
ethusdt,4315.21000000,2025-08-29T18:29:12.659Z,0.00120000
ethusdt,4315.21000000,2025-08-29T18:29:12.659Z,0.00120000
ethusdt,4315.21000000,2025-08-29T18:29:12.659Z,0.00120000
ethusdt,4315.21000000,2025-08-29T18:29:12.659Z,0.00120000
ethusdt,4315.21000000,2025-08-29T18:29:12.659Z,0.00120000
ethusdt,4315.21000000,2025-08-29T18:29:12.659Z,0.00120000
ethusdt,4315.21000000,2025-08-29T18:29:12.659Z,0.00120000
ethusdt,4315.21000000,2025-08-29T18:29:12.659Z,0.00120000
ethusdt,4315.21000000,2025-08-29T18:29:12.659Z,0.00120000
ethusdt,4315.21000000,2025-08-29T18:29:12.659Z,0.00120000
ethusdt,4315.21000000,2025-08-29T18:29:12.659Z,0.00120000
ethusdt,4315.21000000,2025-08-29T18:29:12.659Z,0.00120000
ethusdt,4315.21000000,2025-08-29T18:29:12.659Z,0.00120000
ethusdt,4315.21000000,2025-08-29T18:29:12.659Z,0.00120000
ethusdt,4315.21000000,2025-08-29T18:29:12.659Z,0.00120000
ethusdt,4315.21000000,2025-08-29T18:29:12.659Z,0.00120000
ethusdt,4315.21000000,2025-08-29T18:29:12.659Z,0.00120000
ethusdt,4315.21000000,2025-08-29T18:29:12.659Z,0.00120000
ethusdt,4315.21000000,2025-08-29T18:29:12.659Z,0.00120000
ethusdt,4315.21000000,2025-08-29T18:29:12.659Z,0.00120000
ethusdt,4315.21000000,2025-08-29T18:29:12.659Z,0.00120000
ethusdt,4315.21000000,2025-08-29T18:29:12.659Z,0.00120000
ethusdt,4315.21000000,2025-08-29T18:29:12.659Z,0.00280000
ethusdt,4315.21000000,2025-08-29T18:29:12.659Z,0.00280000
ethusdt,4315.21000000,2025-08-29T18:29:12.659Z,0.00280000
ethusdt,4315.21000000,2025-08-29T18:29:12.659Z,0.00120000
ethusdt,4315.21000000,2025-08-29T18:29:12.659Z,0.00120000
ethusdt,4315.21000000,2025-08-29T18:29:12.659Z,0.00120000
ethusdt,4315.21000000,2025-08-29T18:29:12.659Z,0.00600000
ethusdt,4315.21000000,2025-08-29T18:29:12.659Z,0.00600000
ethusdt,4315.21000000,2025-08-29T18:29:12.659Z,0.00600000
ethusdt,4315.21000000,2025-08-29T18:29:12.659Z,0.00230000
ethusdt,4315.21000000,2025-08-29T18:29:12.659Z,0.00230000
ethusdt,4315.21000000,2025-08-29T18:29:12.659Z,0.00230000
ethusdt,4315.21000000,2025-08-29T18:29:12.699Z,0.11600000
ethusdt,4315.21000000,2025-08-29T18:29:12.699Z,0.11600000
ethusdt,4315.21000000,2025-08-29T18:29:12.699Z,0.11600000
ethusdt,4315.21000000,2025-08-29T18:29:12.699Z,0.00120000
ethusdt,4315.21000000,2025-08-29T18:29:12.699Z,0.00120000
ethusdt,4315.21000000,2025-08-29T18:29:12.699Z,0.00120000
ethusdt,4315.21000000,2025-08-29T18:29:12.699Z,0.00120000
ethusdt,4315.21000000,2025-08-29T18:29:12.699Z,0.00120000
ethusdt,4315.21000000,2025-08-29T18:29:12.699Z,0.00120000
ethusdt,4315.21000000,2025-08-29T18:29:12.699Z,0.00120000
ethusdt,4315.21000000,2025-08-29T18:29:12.699Z,0.00120000
ethusdt,4315.21000000,2025-08-29T18:29:12.699Z,0.00120000
ethusdt,4315.21000000,2025-08-29T18:29:12.699Z,0.00120000
ethusdt,4315.21000000,2025-08-29T18:29:12.699Z,0.00120000
ethusdt,4315.21000000,2025-08-29T18:29:12.699Z,0.00120000
ethusdt,4315.21000000,2025-08-29T18:29:12.699Z,0.00120000
ethusdt,4315.21000000,2025-08-29T18:29:12.699Z,0.00120000
ethusdt,4315.21000000,2025-08-29T18:29:12.699Z,0.00120000
ethusdt,4315.21000000,2025-08-29T18:29:12.699Z,0.00930000
ethusdt,4315.21000000,2025-08-29T18:29:12.699Z,0.00930000
ethusdt,4315.21000000,2025-08-29T18:29:12.699Z,0.00930000
ethusdt,4315.21000000,2025-08-29T18:29:12.699Z,0.07780000
ethusdt,4315.21000000,2025-08-29T18:29:12.699Z,0.07780000
ethusdt,4315.21000000,2025-08-29T18:29:12.699Z,0.07780000
ethusdt,4315.21000000,2025-08-29T18:29:12.699Z,0.00600000
ethusdt,4315.21000000,2025-08-29T18:29:12.699Z,0.00600000
ethusdt,4315.21000000,2025-08-29T18:29:12.699Z,0.00600000
ethusdt,4315.21000000,2025-08-29T18:29:12.699Z,0.00120000
ethusdt,4315.21000000,2025-08-29T18:29:12.699Z,0.00120000
ethusdt,4315.21000000,2025-08-29T18:29:12.699Z,0.00120000
ethusdt,4315.22000000,2025-08-29T18:29:12.699Z,0.00120000
ethusdt,4315.22000000,2025-08-29T18:29:12.699Z,0.00120000
ethusdt,4315.22000000,2025-08-29T18:29:12.699Z,0.00120000
ethusdt,4315.22000000,2025-08-29T18:29:12.699Z,0.00120000
ethusdt,4315.22000000,2025-08-29T18:29:12.699Z,0.00120000
ethusdt,4315.22000000,2025-08-29T18:29:12.699Z,0.00120000
ethusdt,4315.22000000,2025-08-29T18:29:12.699Z,0.00120000
ethusdt,4315.22000000,2025-08-29T18:29:12.699Z,0.00120000
ethusdt,4315.22000000,2025-08-29T18:29:12.699Z,0.00120000
ethusdt,4315.22000000,2025-08-29T18:29:12.699Z,0.00120000
ethusdt,4315.22000000,2025-08-29T18:29:12.699Z,0.00120000
ethusdt,4315.22000000,2025-08-29T18:29:12.699Z,0.00120000
ethusdt,4315.22000000,2025-08-29T18:29:12.699Z,0.00120000
ethusdt,4315.22000000,2025-08-29T18:29:12.699Z,0.00120000
ethusdt,4315.22000000,2025-08-29T18:29:12.699Z,0.00120000
ethusdt,4315.22000000,2025-08-29T18:29:12.699Z,0.00120000
ethusdt,4315.22000000,2025-08-29T18:29:12.699Z,0.00120000
ethusdt,4315.22000000,2025-08-29T18:29:12.699Z,0.00120000
ethusdt,4315.22000000,2025-08-29T18:29:12.699Z,0.00120000
ethusdt,4315.22000000,2025-08-29T18:29:12.699Z,0.00120000
ethusdt,4315.22000000,2025-08-29T18:29:12.699Z,0.00120000
ethusdt,4315.22000000,2025-08-29T18:29:12.699Z,0.00120000
ethusdt,4315.22000000,2025-08-29T18:29:12.699Z,0.00120000
ethusdt,4315.22000000,2025-08-29T18:29:12.699Z,0.00120000
ethusdt,4315.23000000,2025-08-29T18:29:12.699Z,0.00120000
ethusdt,4315.23000000,2025-08-29T18:29:12.699Z,0.00120000
ethusdt,4315.23000000,2025-08-29T18:29:12.699Z,0.00120000
ethusdt,4315.26000000,2025-08-29T18:29:12.699Z,0.04640000
ethusdt,4315.26000000,2025-08-29T18:29:12.699Z,0.04640000
ethusdt,4315.26000000,2025-08-29T18:29:12.699Z,0.04640000
ethusdt,4315.26000000,2025-08-29T18:29:12.699Z,0.00120000
ethusdt,4315.26000000,2025-08-29T18:29:12.699Z,0.00120000
ethusdt,4315.26000000,2025-08-29T18:29:12.699Z,0.00120000
ethusdt,4315.28000000,2025-08-29T18:29:12.736Z,0.06960000
ethusdt,4315.28000000,2025-08-29T18:29:12.736Z,0.06960000
ethusdt,4315.28000000,2025-08-29T18:29:12.736Z,0.06960000
ethusdt,4315.28000000,2025-08-29T18:29:12.736Z,0.06960000
ethusdt,4315.28000000,2025-08-29T18:29:12.736Z,0.06960000
ethusdt,4315.28000000,2025-08-29T18:29:12.736Z,0.06960000
ethusdt,4315.28000000,2025-08-29T18:29:12.736Z,0.00120000
ethusdt,4315.28000000,2025-08-29T18:29:12.736Z,0.00120000
ethusdt,4315.28000000,2025-08-29T18:29:12.736Z,0.00120000
ethusdt,4315.28000000,2025-08-29T18:29:12.736Z,0.00120000
ethusdt,4315.28000000,2025-08-29T18:29:12.736Z,0.00120000
ethusdt,4315.28000000,2025-08-29T18:29:12.736Z,0.00120000
ethusdt,4315.28000000,2025-08-29T18:29:12.736Z,0.00120000
ethusdt,4315.28000000,2025-08-29T18:29:12.736Z,0.00120000
ethusdt,4315.28000000,2025-08-29T18:29:12.736Z,0.00120000
ethusdt,4315.28000000,2025-08-29T18:29:12.736Z,0.11830000
ethusdt,4315.28000000,2025-08-29T18:29:12.736Z,0.11830000
ethusdt,4315.28000000,2025-08-29T18:29:12.736Z,0.11830000
ethusdt,4315.28000000,2025-08-29T18:29:12.736Z,0.00820000
ethusdt,4315.28000000,2025-08-29T18:29:12.736Z,0.00820000
ethusdt,4315.28000000,2025-08-29T18:29:12.736Z,0.00820000
ethusdt,4315.28000000,2025-08-29T18:29:12.737Z,0.00060000
ethusdt,4315.28000000,2025-08-29T18:29:12.737Z,0.00060000
ethusdt,4315.28000000,2025-08-29T18:29:12.737Z,0.00060000
ethusdt,4315.28000000,2025-08-29T18:29:12.737Z,0.00120000
ethusdt,4315.28000000,2025-08-29T18:29:12.737Z,0.00120000
ethusdt,4315.28000000,2025-08-29T18:29:12.737Z,0.00120000
ethusdt,4315.28000000,2025-08-29T18:29:12.737Z,0.00120000
ethusdt,4315.28000000,2025-08-29T18:29:12.737Z,0.00120000
ethusdt,4315.28000000,2025-08-29T18:29:12.737Z,0.00120000
ethusdt,4315.28000000,2025-08-29T18:29:12.737Z,0.00120000
ethusdt,4315.28000000,2025-08-29T18:29:12.737Z,0.00120000
ethusdt,4315.28000000,2025-08-29T18:29:12.737Z,0.00120000
ethusdt,4315.28000000,2025-08-29T18:29:12.737Z,0.00860000
ethusdt,4315.28000000,2025-08-29T18:29:12.737Z,0.00860000
ethusdt,4315.28000000,2025-08-29T18:29:12.737Z,0.00860000
ethusdt,4315.29000000,2025-08-29T18:29:12.737Z,0.00120000
ethusdt,4315.29000000,2025-08-29T18:29:12.737Z,0.00120000
ethusdt,4315.29000000,2025-08-29T18:29:12.737Z,0.00120000
ethusdt,4315.29000000,2025-08-29T18:29:12.737Z,0.00120000
ethusdt,4315.29000000,2025-08-29T18:29:12.737Z,0.00120000
ethusdt,4315.29000000,2025-08-29T18:29:12.737Z,0.00120000
ethusdt,4315.29000000,2025-08-29T18:29:12.737Z,0.00120000
ethusdt,4315.29000000,2025-08-29T18:29:12.737Z,0.00120000
ethusdt,4315.29000000,2025-08-29T18:29:12.737Z,0.00120000
ethusdt,4315.29000000,2025-08-29T18:29:12.737Z,0.00120000
ethusdt,4315.29000000,2025-08-29T18:29:12.737Z,0.00120000
ethusdt,4315.29000000,2025-08-29T18:29:12.737Z,0.00120000
ethusdt,4315.29000000,2025-08-29T18:29:12.737Z,0.00120000
ethusdt,4315.29000000,2025-08-29T18:29:12.737Z,0.00120000
ethusdt,4315.29000000,2025-08-29T18:29:12.737Z,0.00120000
ethusdt,4315.29000000,2025-08-29T18:29:12.737Z,0.00120000
ethusdt,4315.29000000,2025-08-29T18:29:12.737Z,0.00120000
ethusdt,4315.29000000,2025-08-29T18:29:12.737Z,0.00120000
ethusdt,4315.30000000,2025-08-29T18:29:12.737Z,0.03480000
ethusdt,4315.30000000,2025-08-29T18:29:12.737Z,0.03480000
ethusdt,4315.30000000,2025-08-29T18:29:12.737Z,0.03480000
ethusdt,4315.30000000,2025-08-29T18:29:12.737Z,0.00120000
ethusdt,4315.30000000,2025-08-29T18:29:12.737Z,0.00120000
ethusdt,4315.30000000,2025-08-29T18:29:12.737Z,0.00120000
ethusdt,4315.31000000,2025-08-29T18:29:12.737Z,0.00120000
ethusdt,4315.31000000,2025-08-29T18:29:12.737Z,0.00120000
ethusdt,4315.31000000,2025-08-29T18:29:12.737Z,0.00120000
ethusdt,4315.33000000,2025-08-29T18:29:12.737Z,0.00120000
ethusdt,4315.33000000,2025-08-29T18:29:12.737Z,0.00120000
ethusdt,4315.33000000,2025-08-29T18:29:12.737Z,0.00120000
ethusdt,4315.34000000,2025-08-29T18:29:12.737Z,0.00120000
ethusdt,4315.34000000,2025-08-29T18:29:12.737Z,0.00120000
ethusdt,4315.34000000,2025-08-29T18:29:12.737Z,0.00120000
ethusdt,4315.35000000,2025-08-29T18:29:12.737Z,0.00240000
ethusdt,4315.35000000,2025-08-29T18:29:12.737Z,0.00240000
ethusdt,4315.35000000,2025-08-29T18:29:12.737Z,0.00240000
ethusdt,4315.35000000,2025-08-29T18:29:12.737Z,0.00120000
ethusdt,4315.35000000,2025-08-29T18:29:12.737Z,0.00120000
ethusdt,4315.35000000,2025-08-29T18:29:12.737Z,0.00120000
ethusdt,4315.36000000,2025-08-29T18:29:12.737Z,0.00120000
ethusdt,4315.36000000,2025-08-29T18:29:12.737Z,0.00120000
ethusdt,4315.36000000,2025-08-29T18:29:12.737Z,0.00120000
ethusdt,4315.36000000,2025-08-29T18:29:12.737Z,0.00120000
ethusdt,4315.36000000,2025-08-29T18:29:12.737Z,0.00120000
ethusdt,4315.36000000,2025-08-29T18:29:12.737Z,0.00120000
ethusdt,4315.36000000,2025-08-29T18:29:12.737Z,0.00940000
ethusdt,4315.36000000,2025-08-29T18:29:12.737Z,0.00940000
ethusdt,4315.36000000,2025-08-29T18:29:12.737Z,0.00940000
ethusdt,4315.36000000,2025-08-29T18:29:13.533Z,0.04470000
ethusdt,4315.36000000,2025-08-29T18:29:13.533Z,0.04470000
ethusdt,4315.36000000,2025-08-29T18:29:13.533Z,0.04470000
ethusdt,4315.37000000,2025-08-29T18:29:13.538Z,0.04630000
ethusdt,4315.37000000,2025-08-29T18:29:13.538Z,0.04630000
ethusdt,4315.37000000,2025-08-29T18:29:13.538Z,0.04630000
ethusdt,4315.37000000,2025-08-29T18:29:13.607Z,0.05000000
ethusdt,4315.37000000,2025-08-29T18:29:13.607Z,0.05000000
ethusdt,4315.37000000,2025-08-29T18:29:13.607Z,0.05000000
ethusdt,4315.37000000,2025-08-29T18:29:13.613Z,0.01960000
ethusdt,4315.37000000,2025-08-29T18:29:13.613Z,0.01960000
ethusdt,4315.37000000,2025-08-29T18:29:13.613Z,0.01960000
ethusdt,4315.37000000,2025-08-29T18:29:13.613Z,0.00120000
ethusdt,4315.37000000,2025-08-29T18:29:13.613Z,0.00120000
ethusdt,4315.37000000,2025-08-29T18:29:13.613Z,0.00120000
ethusdt,4315.37000000,2025-08-29T18:29:13.613Z,0.00120000
ethusdt,4315.37000000,2025-08-29T18:29:13.613Z,0.00120000
ethusdt,4315.37000000,2025-08-29T18:29:13.613Z,0.00120000
ethusdt,4315.37000000,2025-08-29T18:29:13.613Z,0.00120000
ethusdt,4315.37000000,2025-08-29T18:29:13.613Z,0.00120000
ethusdt,4315.37000000,2025-08-29T18:29:13.613Z,0.00120000
ethusdt,4315.37000000,2025-08-29T18:29:13.613Z,0.00120000
ethusdt,4315.37000000,2025-08-29T18:29:13.613Z,0.00120000
ethusdt,4315.37000000,2025-08-29T18:29:13.613Z,0.00120000
ethusdt,4315.37000000,2025-08-29T18:29:13.613Z,0.00120000
ethusdt,4315.37000000,2025-08-29T18:29:13.613Z,0.00120000
ethusdt,4315.37000000,2025-08-29T18:29:13.613Z,0.00120000
ethusdt,4315.37000000,2025-08-29T18:29:13.613Z,0.00120000
ethusdt,4315.37000000,2025-08-29T18:29:13.613Z,0.00120000
ethusdt,4315.37000000,2025-08-29T18:29:13.613Z,0.00120000
ethusdt,4315.37000000,2025-08-29T18:29:13.613Z,0.00120000
ethusdt,4315.37000000,2025-08-29T18:29:13.613Z,0.00120000
ethusdt,4315.37000000,2025-08-29T18:29:13.613Z,0.00120000
ethusdt,4315.37000000,2025-08-29T18:29:13.613Z,0.00120000
ethusdt,4315.37000000,2025-08-29T18:29:13.613Z,0.00120000
ethusdt,4315.37000000,2025-08-29T18:29:13.613Z,0.00120000
ethusdt,4315.37000000,2025-08-29T18:29:13.613Z,0.11830000
ethusdt,4315.37000000,2025-08-29T18:29:13.613Z,0.11830000
ethusdt,4315.37000000,2025-08-29T18:29:13.613Z,0.11830000
ethusdt,4315.37000000,2025-08-29T18:29:13.613Z,0.01240000
ethusdt,4315.37000000,2025-08-29T18:29:13.613Z,0.01240000
ethusdt,4315.37000000,2025-08-29T18:29:13.613Z,0.01240000
ethusdt,4315.37000000,2025-08-29T18:29:13.613Z,0.04280000
ethusdt,4315.37000000,2025-08-29T18:29:13.613Z,0.04280000
ethusdt,4315.37000000,2025-08-29T18:29:13.613Z,0.04280000
ethusdt,4315.37000000,2025-08-29T18:29:13.613Z,0.00120000
ethusdt,4315.37000000,2025-08-29T18:29:13.613Z,0.00120000
ethusdt,4315.37000000,2025-08-29T18:29:13.613Z,0.00120000
ethusdt,4315.37000000,2025-08-29T18:29:13.613Z,0.00120000
ethusdt,4315.37000000,2025-08-29T18:29:13.613Z,0.00120000
ethusdt,4315.37000000,2025-08-29T18:29:13.613Z,0.00120000
ethusdt,4315.37000000,2025-08-29T18:29:13.613Z,0.00120000
ethusdt,4315.37000000,2025-08-29T18:29:13.613Z,0.00120000
ethusdt,4315.37000000,2025-08-29T18:29:13.613Z,0.00120000
ethusdt,4315.38000000,2025-08-29T18:29:13.614Z,0.00120000
ethusdt,4315.38000000,2025-08-29T18:29:13.614Z,0.00120000
ethusdt,4315.38000000,2025-08-29T18:29:13.614Z,0.00120000
ethusdt,4315.38000000,2025-08-29T18:29:13.614Z,0.00120000
ethusdt,4315.38000000,2025-08-29T18:29:13.614Z,0.00120000
ethusdt,4315.38000000,2025-08-29T18:29:13.614Z,0.00120000
ethusdt,4315.38000000,2025-08-29T18:29:13.614Z,0.00120000
ethusdt,4315.38000000,2025-08-29T18:29:13.614Z,0.00120000
ethusdt,4315.38000000,2025-08-29T18:29:13.614Z,0.00120000
ethusdt,4315.38000000,2025-08-29T18:29:13.614Z,0.00120000
ethusdt,4315.38000000,2025-08-29T18:29:13.614Z,0.00120000
ethusdt,4315.38000000,2025-08-29T18:29:13.614Z,0.00120000
ethusdt,4315.38000000,2025-08-29T18:29:13.614Z,0.00120000
ethusdt,4315.38000000,2025-08-29T18:29:13.614Z,0.00120000
ethusdt,4315.38000000,2025-08-29T18:29:13.614Z,0.00120000
ethusdt,4315.38000000,2025-08-29T18:29:13.614Z,0.00120000
ethusdt,4315.38000000,2025-08-29T18:29:13.614Z,0.00120000
ethusdt,4315.38000000,2025-08-29T18:29:13.614Z,0.00120000
ethusdt,4315.43000000,2025-08-29T18:29:13.614Z,0.00120000
ethusdt,4315.43000000,2025-08-29T18:29:13.614Z,0.00120000
ethusdt,4315.43000000,2025-08-29T18:29:13.614Z,0.00120000
ethusdt,4315.45000000,2025-08-29T18:29:13.614Z,0.04540000
ethusdt,4315.45000000,2025-08-29T18:29:13.614Z,0.04540000
ethusdt,4315.45000000,2025-08-29T18:29:13.614Z,0.04540000
ethusdt,4315.45000000,2025-08-29T18:29:13.614Z,0.00120000
ethusdt,4315.45000000,2025-08-29T18:29:13.614Z,0.00120000
ethusdt,4315.45000000,2025-08-29T18:29:13.614Z,0.00120000
ethusdt,4315.46000000,2025-08-29T18:29:13.614Z,0.02320000
ethusdt,4315.46000000,2025-08-29T18:29:13.614Z,0.02320000
ethusdt,4315.46000000,2025-08-29T18:29:13.614Z,0.02320000
ethusdt,4315.46000000,2025-08-29T18:29:13.614Z,0.00120000
ethusdt,4315.46000000,2025-08-29T18:29:13.614Z,0.00120000
ethusdt,4315.46000000,2025-08-29T18:29:13.614Z,0.00120000
ethusdt,4315.47000000,2025-08-29T18:29:13.614Z,0.00120000
ethusdt,4315.47000000,2025-08-29T18:29:13.614Z,0.00120000
ethusdt,4315.47000000,2025-08-29T18:29:13.614Z,0.00120000
ethusdt,4315.47000000,2025-08-29T18:29:13.917Z,0.10710000
ethusdt,4315.47000000,2025-08-29T18:29:13.917Z,0.10710000
ethusdt,4315.47000000,2025-08-29T18:29:13.917Z,0.10710000
ethusdt,4315.48000000,2025-08-29T18:29:14.011Z,0.00400000
ethusdt,4315.48000000,2025-08-29T18:29:14.011Z,0.00400000
ethusdt,4315.48000000,2025-08-29T18:29:14.011Z,0.00400000
ethusdt,4315.48000000,2025-08-29T18:29:14.196Z,0.11190000
ethusdt,4315.48000000,2025-08-29T18:29:14.196Z,0.11190000
ethusdt,4315.48000000,2025-08-29T18:29:14.196Z,0.11190000
ethusdt,4315.48000000,2025-08-29T18:29:14.196Z,0.00120000
ethusdt,4315.48000000,2025-08-29T18:29:14.196Z,0.00120000
ethusdt,4315.48000000,2025-08-29T18:29:14.196Z,0.00120000
ethusdt,4315.48000000,2025-08-29T18:29:14.196Z,0.00120000
ethusdt,4315.48000000,2025-08-29T18:29:14.196Z,0.00120000
ethusdt,4315.48000000,2025-08-29T18:29:14.196Z,0.00120000
ethusdt,4315.48000000,2025-08-29T18:29:14.196Z,0.00120000
ethusdt,4315.48000000,2025-08-29T18:29:14.196Z,0.00120000
ethusdt,4315.48000000,2025-08-29T18:29:14.196Z,0.00120000
ethusdt,4315.48000000,2025-08-29T18:29:14.196Z,0.00120000
ethusdt,4315.48000000,2025-08-29T18:29:14.196Z,0.00120000
ethusdt,4315.48000000,2025-08-29T18:29:14.196Z,0.00120000
ethusdt,4315.48000000,2025-08-29T18:29:14.196Z,0.00600000
ethusdt,4315.48000000,2025-08-29T18:29:14.196Z,0.00600000
ethusdt,4315.48000000,2025-08-29T18:29:14.196Z,0.00600000
ethusdt,4315.48000000,2025-08-29T18:29:14.196Z,0.01550000
ethusdt,4315.48000000,2025-08-29T18:29:14.196Z,0.01550000
ethusdt,4315.48000000,2025-08-29T18:29:14.196Z,0.01550000
ethusdt,4315.48000000,2025-08-29T18:29:14.196Z,0.11820000
ethusdt,4315.48000000,2025-08-29T18:29:14.196Z,0.11820000
ethusdt,4315.48000000,2025-08-29T18:29:14.196Z,0.11820000
ethusdt,4315.48000000,2025-08-29T18:29:14.196Z,0.01730000
ethusdt,4315.48000000,2025-08-29T18:29:14.196Z,0.01730000
ethusdt,4315.48000000,2025-08-29T18:29:14.196Z,0.01730000
ethusdt,4315.48000000,2025-08-29T18:29:14.196Z,0.00120000
ethusdt,4315.48000000,2025-08-29T18:29:14.196Z,0.00120000
ethusdt,4315.48000000,2025-08-29T18:29:14.196Z,0.00120000
ethusdt,4315.48000000,2025-08-29T18:29:14.196Z,0.00120000
ethusdt,4315.48000000,2025-08-29T18:29:14.196Z,0.00120000
ethusdt,4315.48000000,2025-08-29T18:29:14.196Z,0.00120000
ethusdt,4315.48000000,2025-08-29T18:29:14.196Z,0.00120000
ethusdt,4315.48000000,2025-08-29T18:29:14.196Z,0.00120000
ethusdt,4315.48000000,2025-08-29T18:29:14.196Z,0.00120000
ethusdt,4315.49000000,2025-08-29T18:29:14.196Z,0.01400000
ethusdt,4315.49000000,2025-08-29T18:29:14.196Z,0.01400000
ethusdt,4315.49000000,2025-08-29T18:29:14.196Z,0.01400000
ethusdt,4315.49000000,2025-08-29T18:29:14.196Z,0.00120000
ethusdt,4315.49000000,2025-08-29T18:29:14.196Z,0.00120000
ethusdt,4315.49000000,2025-08-29T18:29:14.196Z,0.00120000
ethusdt,4315.49000000,2025-08-29T18:29:14.196Z,0.00120000
ethusdt,4315.49000000,2025-08-29T18:29:14.196Z,0.00120000
ethusdt,4315.49000000,2025-08-29T18:29:14.196Z,0.00120000
ethusdt,4315.49000000,2025-08-29T18:29:14.196Z,0.00120000
ethusdt,4315.49000000,2025-08-29T18:29:14.196Z,0.00120000
ethusdt,4315.49000000,2025-08-29T18:29:14.196Z,0.00120000
ethusdt,4315.49000000,2025-08-29T18:29:14.196Z,0.00120000
ethusdt,4315.49000000,2025-08-29T18:29:14.196Z,0.00120000
ethusdt,4315.49000000,2025-08-29T18:29:14.196Z,0.00120000
ethusdt,4315.49000000,2025-08-29T18:29:14.196Z,0.00120000
ethusdt,4315.49000000,2025-08-29T18:29:14.196Z,0.00120000
ethusdt,4315.49000000,2025-08-29T18:29:14.196Z,0.00120000
ethusdt,4315.50000000,2025-08-29T18:29:14.196Z,0.04390000
ethusdt,4315.50000000,2025-08-29T18:29:14.196Z,0.04390000
ethusdt,4315.50000000,2025-08-29T18:29:14.196Z,0.04390000
ethusdt,4315.50000000,2025-08-29T18:29:14.198Z,0.00240000
ethusdt,4315.50000000,2025-08-29T18:29:14.198Z,0.00240000
ethusdt,4315.50000000,2025-08-29T18:29:14.198Z,0.00240000
ethusdt,4315.50000000,2025-08-29T18:29:14.198Z,0.00120000
ethusdt,4315.50000000,2025-08-29T18:29:14.198Z,0.00120000
ethusdt,4315.50000000,2025-08-29T18:29:14.198Z,0.00120000
ethusdt,4315.53000000,2025-08-29T18:29:14.198Z,0.00120000
ethusdt,4315.53000000,2025-08-29T18:29:14.198Z,0.00120000
ethusdt,4315.53000000,2025-08-29T18:29:14.198Z,0.00120000
ethusdt,4315.53000000,2025-08-29T18:29:14.198Z,0.00120000
ethusdt,4315.53000000,2025-08-29T18:29:14.198Z,0.00120000
ethusdt,4315.53000000,2025-08-29T18:29:14.198Z,0.00120000
ethusdt,4315.65000000,2025-08-29T18:29:14.462Z,0.02320000
ethusdt,4315.65000000,2025-08-29T18:29:14.462Z,0.02320000
ethusdt,4315.65000000,2025-08-29T18:29:14.462Z,0.02320000
ethusdt,4315.65000000,2025-08-29T18:29:14.462Z,0.03040000
ethusdt,4315.65000000,2025-08-29T18:29:14.462Z,0.03040000
ethusdt,4315.65000000,2025-08-29T18:29:14.462Z,0.03040000
ethusdt,4315.65000000,2025-08-29T18:29:14.462Z,0.00600000
ethusdt,4315.65000000,2025-08-29T18:29:14.462Z,0.00600000
ethusdt,4315.65000000,2025-08-29T18:29:14.462Z,0.00600000
ethusdt,4315.65000000,2025-08-29T18:29:14.462Z,0.00120000
ethusdt,4315.65000000,2025-08-29T18:29:14.462Z,0.00120000
ethusdt,4315.65000000,2025-08-29T18:29:14.462Z,0.00120000
ethusdt,4315.65000000,2025-08-29T18:29:14.462Z,0.00120000
ethusdt,4315.65000000,2025-08-29T18:29:14.462Z,0.00120000
ethusdt,4315.65000000,2025-08-29T18:29:14.462Z,0.00120000
ethusdt,4315.65000000,2025-08-29T18:29:14.462Z,0.00120000
ethusdt,4315.65000000,2025-08-29T18:29:14.462Z,0.00120000
ethusdt,4315.65000000,2025-08-29T18:29:14.462Z,0.00120000
ethusdt,4315.65000000,2025-08-29T18:29:14.462Z,0.00120000
ethusdt,4315.65000000,2025-08-29T18:29:14.462Z,0.00120000
ethusdt,4315.65000000,2025-08-29T18:29:14.462Z,0.00120000
ethusdt,4315.65000000,2025-08-29T18:29:14.462Z,0.11810000
ethusdt,4315.65000000,2025-08-29T18:29:14.462Z,0.11810000
ethusdt,4315.65000000,2025-08-29T18:29:14.462Z,0.11810000
ethusdt,4315.65000000,2025-08-29T18:29:14.462Z,0.00120000
ethusdt,4315.65000000,2025-08-29T18:29:14.462Z,0.00120000
ethusdt,4315.65000000,2025-08-29T18:29:14.462Z,0.00120000
ethusdt,4315.65000000,2025-08-29T18:29:14.462Z,0.00120000
ethusdt,4315.65000000,2025-08-29T18:29:14.462Z,0.00120000
ethusdt,4315.65000000,2025-08-29T18:29:14.462Z,0.00120000
ethusdt,4315.65000000,2025-08-29T18:29:14.462Z,0.00120000
ethusdt,4315.65000000,2025-08-29T18:29:14.462Z,0.00120000
ethusdt,4315.65000000,2025-08-29T18:29:14.462Z,0.00120000
ethusdt,4315.66000000,2025-08-29T18:29:14.462Z,0.00120000
ethusdt,4315.66000000,2025-08-29T18:29:14.462Z,0.00120000
ethusdt,4315.66000000,2025-08-29T18:29:14.462Z,0.00120000
ethusdt,4315.66000000,2025-08-29T18:29:14.462Z,0.00120000
ethusdt,4315.66000000,2025-08-29T18:29:14.462Z,0.00120000
ethusdt,4315.66000000,2025-08-29T18:29:14.462Z,0.00120000
ethusdt,4315.66000000,2025-08-29T18:29:14.462Z,0.00120000
ethusdt,4315.66000000,2025-08-29T18:29:14.462Z,0.00120000
ethusdt,4315.66000000,2025-08-29T18:29:14.462Z,0.00120000
ethusdt,4315.66000000,2025-08-29T18:29:14.462Z,0.00120000
ethusdt,4315.66000000,2025-08-29T18:29:14.462Z,0.00120000
ethusdt,4315.66000000,2025-08-29T18:29:14.462Z,0.00120000
ethusdt,4315.66000000,2025-08-29T18:29:14.462Z,0.00120000
ethusdt,4315.66000000,2025-08-29T18:29:14.462Z,0.00120000
ethusdt,4315.66000000,2025-08-29T18:29:14.462Z,0.00120000
ethusdt,4315.66000000,2025-08-29T18:29:14.462Z,0.00120000
ethusdt,4315.66000000,2025-08-29T18:29:14.462Z,0.00120000
ethusdt,4315.66000000,2025-08-29T18:29:14.462Z,0.00120000
ethusdt,4315.66000000,2025-08-29T18:29:14.462Z,0.00120000
ethusdt,4315.66000000,2025-08-29T18:29:14.462Z,0.00120000
ethusdt,4315.66000000,2025-08-29T18:29:14.462Z,0.00120000
ethusdt,4315.66000000,2025-08-29T18:29:14.462Z,0.00120000
ethusdt,4315.66000000,2025-08-29T18:29:14.462Z,0.00120000
ethusdt,4315.66000000,2025-08-29T18:29:14.462Z,0.00120000
ethusdt,4315.68000000,2025-08-29T18:29:14.462Z,0.00200000
ethusdt,4315.68000000,2025-08-29T18:29:14.462Z,0.00200000
ethusdt,4315.68000000,2025-08-29T18:29:14.462Z,0.00200000
ethusdt,4315.68000000,2025-08-29T18:29:14.462Z,0.00120000
ethusdt,4315.68000000,2025-08-29T18:29:14.462Z,0.00120000
ethusdt,4315.68000000,2025-08-29T18:29:14.462Z,0.00120000
ethusdt,4315.69000000,2025-08-29T18:29:14.462Z,0.04640000
ethusdt,4315.69000000,2025-08-29T18:29:14.462Z,0.04640000
ethusdt,4315.69000000,2025-08-29T18:29:14.462Z,0.04640000
ethusdt,4315.69000000,2025-08-29T18:29:14.462Z,0.00120000
ethusdt,4315.69000000,2025-08-29T18:29:14.462Z,0.00120000
ethusdt,4315.69000000,2025-08-29T18:29:14.462Z,0.00120000
ethusdt,4315.71000000,2025-08-29T18:29:14.462Z,0.06960000
ethusdt,4315.71000000,2025-08-29T18:29:14.462Z,0.06960000
ethusdt,4315.71000000,2025-08-29T18:29:14.462Z,0.06960000
ethusdt,4315.71000000,2025-08-29T18:29:14.462Z,0.06960000
ethusdt,4315.71000000,2025-08-29T18:29:14.462Z,0.06960000
ethusdt,4315.71000000,2025-08-29T18:29:14.462Z,0.06960000
ethusdt,4315.71000000,2025-08-29T18:29:14.462Z,0.00120000
ethusdt,4315.71000000,2025-08-29T18:29:14.462Z,0.00120000
ethusdt,4315.71000000,2025-08-29T18:29:14.462Z,0.00120000
ethusdt,4315.73000000,2025-08-29T18:29:14.462Z,0.03480000
ethusdt,4315.73000000,2025-08-29T18:29:14.462Z,0.03480000
ethusdt,4315.73000000,2025-08-29T18:29:14.462Z,0.03480000
ethusdt,4315.73000000,2025-08-29T18:29:14.462Z,0.00120000
ethusdt,4315.73000000,2025-08-29T18:29:14.462Z,0.00120000
ethusdt,4315.73000000,2025-08-29T18:29:14.462Z,0.00120000
ethusdt,4315.74000000,2025-08-29T18:29:14.462Z,0.00240000
ethusdt,4315.74000000,2025-08-29T18:29:14.462Z,0.00240000
ethusdt,4315.74000000,2025-08-29T18:29:14.462Z,0.00240000
ethusdt,4315.74000000,2025-08-29T18:29:14.464Z,0.00120000
ethusdt,4315.74000000,2025-08-29T18:29:14.464Z,0.00120000
ethusdt,4315.74000000,2025-08-29T18:29:14.464Z,0.00120000
ethusdt,4315.75000000,2025-08-29T18:29:14.464Z,0.00120000
ethusdt,4315.75000000,2025-08-29T18:29:14.464Z,0.00120000
ethusdt,4315.75000000,2025-08-29T18:29:14.464Z,0.00120000
ethusdt,4315.76000000,2025-08-29T18:29:14.464Z,0.00120000
ethusdt,4315.76000000,2025-08-29T18:29:14.464Z,0.00120000
ethusdt,4315.76000000,2025-08-29T18:29:14.464Z,0.00120000
ethusdt,4315.77000000,2025-08-29T18:29:14.464Z,0.00120000
ethusdt,4315.77000000,2025-08-29T18:29:14.464Z,0.00120000
ethusdt,4315.77000000,2025-08-29T18:29:14.464Z,0.00120000
ethusdt,4315.77000000,2025-08-29T18:29:14.464Z,0.00120000
ethusdt,4315.77000000,2025-08-29T18:29:14.464Z,0.00120000
ethusdt,4315.77000000,2025-08-29T18:29:14.464Z,0.00120000
ethusdt,4315.79000000,2025-08-29T18:29:14.464Z,0.00120000
ethusdt,4315.79000000,2025-08-29T18:29:14.464Z,0.00120000
ethusdt,4315.79000000,2025-08-29T18:29:14.464Z,0.00120000
ethusdt,4315.80000000,2025-08-29T18:29:15.093Z,0.11110000
ethusdt,4315.80000000,2025-08-29T18:29:15.093Z,0.11110000
ethusdt,4315.80000000,2025-08-29T18:29:15.093Z,0.11110000
ethusdt,4315.80000000,2025-08-29T18:29:15.551Z,0.00480000
ethusdt,4315.80000000,2025-08-29T18:29:15.551Z,0.00480000
ethusdt,4315.80000000,2025-08-29T18:29:15.551Z,0.00480000
ethusdt,4315.80000000,2025-08-29T18:29:15.551Z,0.00900000
ethusdt,4315.80000000,2025-08-29T18:29:15.551Z,0.00900000
ethusdt,4315.80000000,2025-08-29T18:29:15.551Z,0.00900000
ethusdt,4315.80000000,2025-08-29T18:29:15.574Z,0.10910000
ethusdt,4315.80000000,2025-08-29T18:29:15.574Z,0.10910000
ethusdt,4315.80000000,2025-08-29T18:29:15.574Z,0.10910000
ethusdt,4315.80000000,2025-08-29T18:29:15.574Z,0.01400000
ethusdt,4315.80000000,2025-08-29T18:29:15.574Z,0.01400000
ethusdt,4315.80000000,2025-08-29T18:29:15.574Z,0.01400000
ethusdt,4315.80000000,2025-08-29T18:29:15.574Z,0.00120000
ethusdt,4315.80000000,2025-08-29T18:29:15.574Z,0.00120000
ethusdt,4315.80000000,2025-08-29T18:29:15.574Z,0.00120000
ethusdt,4315.80000000,2025-08-29T18:29:15.574Z,0.01540000
ethusdt,4315.80000000,2025-08-29T18:29:15.574Z,0.01540000
ethusdt,4315.80000000,2025-08-29T18:29:15.574Z,0.01540000
ethusdt,4315.80000000,2025-08-29T18:29:15.574Z,0.00120000
ethusdt,4315.80000000,2025-08-29T18:29:15.574Z,0.00120000
ethusdt,4315.80000000,2025-08-29T18:29:15.574Z,0.00120000
ethusdt,4315.80000000,2025-08-29T18:29:15.574Z,0.00600000
ethusdt,4315.80000000,2025-08-29T18:29:15.574Z,0.00600000
ethusdt,4315.80000000,2025-08-29T18:29:15.574Z,0.00600000
ethusdt,4315.80000000,2025-08-29T18:29:15.574Z,0.00120000
ethusdt,4315.80000000,2025-08-29T18:29:15.574Z,0.00120000
ethusdt,4315.80000000,2025-08-29T18:29:15.574Z,0.00120000
ethusdt,4315.80000000,2025-08-29T18:29:15.574Z,0.00120000
ethusdt,4315.80000000,2025-08-29T18:29:15.574Z,0.00120000
ethusdt,4315.80000000,2025-08-29T18:29:15.574Z,0.00120000
ethusdt,4315.80000000,2025-08-29T18:29:15.574Z,0.00120000
ethusdt,4315.80000000,2025-08-29T18:29:15.574Z,0.00120000
ethusdt,4315.80000000,2025-08-29T18:29:15.574Z,0.00120000
ethusdt,4315.80000000,2025-08-29T18:29:15.574Z,0.00120000
ethusdt,4315.80000000,2025-08-29T18:29:15.574Z,0.00120000
ethusdt,4315.80000000,2025-08-29T18:29:15.574Z,0.00120000
ethusdt,4315.81000000,2025-08-29T18:29:15.632Z,0.00120000
ethusdt,4315.81000000,2025-08-29T18:29:15.632Z,0.00120000
ethusdt,4315.81000000,2025-08-29T18:29:15.632Z,0.00120000
ethusdt,4315.81000000,2025-08-29T18:29:15.632Z,0.14430000
ethusdt,4315.81000000,2025-08-29T18:29:15.632Z,0.14430000
ethusdt,4315.81000000,2025-08-29T18:29:15.632Z,0.14430000
ethusdt,4315.81000000,2025-08-29T18:29:15.632Z,0.00600000
ethusdt,4315.81000000,2025-08-29T18:29:15.632Z,0.00600000
ethusdt,4315.81000000,2025-08-29T18:29:15.632Z,0.00600000
ethusdt,4315.81000000,2025-08-29T18:29:15.632Z,0.00120000
ethusdt,4315.81000000,2025-08-29T18:29:15.632Z,0.00120000
ethusdt,4315.81000000,2025-08-29T18:29:15.632Z,0.00120000
ethusdt,4315.81000000,2025-08-29T18:29:15.632Z,0.00120000
ethusdt,4315.81000000,2025-08-29T18:29:15.632Z,0.00120000
ethusdt,4315.81000000,2025-08-29T18:29:15.632Z,0.00120000
ethusdt,4315.81000000,2025-08-29T18:29:15.632Z,0.00120000
ethusdt,4315.81000000,2025-08-29T18:29:15.632Z,0.00120000
ethusdt,4315.81000000,2025-08-29T18:29:15.632Z,0.00120000
ethusdt,4315.81000000,2025-08-29T18:29:15.632Z,0.11800000
ethusdt,4315.81000000,2025-08-29T18:29:15.632Z,0.11800000
ethusdt,4315.81000000,2025-08-29T18:29:15.632Z,0.11800000
ethusdt,4315.81000000,2025-08-29T18:29:15.632Z,0.00160000
ethusdt,4315.81000000,2025-08-29T18:29:15.632Z,0.00160000
ethusdt,4315.81000000,2025-08-29T18:29:15.632Z,0.00160000
ethusdt,4315.81000000,2025-08-29T18:29:15.632Z,0.00120000
ethusdt,4315.81000000,2025-08-29T18:29:15.632Z,0.00120000
ethusdt,4315.81000000,2025-08-29T18:29:15.632Z,0.00120000
ethusdt,4315.81000000,2025-08-29T18:29:15.632Z,0.00120000
ethusdt,4315.81000000,2025-08-29T18:29:15.632Z,0.00120000
ethusdt,4315.81000000,2025-08-29T18:29:15.632Z,0.00120000
ethusdt,4315.81000000,2025-08-29T18:29:15.632Z,0.00120000
ethusdt,4315.81000000,2025-08-29T18:29:15.632Z,0.00120000
ethusdt,4315.81000000,2025-08-29T18:29:15.632Z,0.00120000
ethusdt,4315.82000000,2025-08-29T18:29:15.632Z,0.00120000
ethusdt,4315.82000000,2025-08-29T18:29:15.632Z,0.00120000
ethusdt,4315.82000000,2025-08-29T18:29:15.632Z,0.00120000
ethusdt,4315.82000000,2025-08-29T18:29:15.632Z,0.00120000
ethusdt,4315.82000000,2025-08-29T18:29:15.632Z,0.00120000
ethusdt,4315.82000000,2025-08-29T18:29:15.632Z,0.00120000
ethusdt,4315.82000000,2025-08-29T18:29:15.632Z,0.00120000
ethusdt,4315.82000000,2025-08-29T18:29:15.632Z,0.00120000
ethusdt,4315.82000000,2025-08-29T18:29:15.632Z,0.00120000
ethusdt,4315.82000000,2025-08-29T18:29:15.632Z,0.00120000
ethusdt,4315.82000000,2025-08-29T18:29:15.632Z,0.00120000
ethusdt,4315.82000000,2025-08-29T18:29:15.632Z,0.00120000
ethusdt,4315.82000000,2025-08-29T18:29:15.632Z,0.00120000
ethusdt,4315.82000000,2025-08-29T18:29:15.632Z,0.00120000
ethusdt,4315.82000000,2025-08-29T18:29:15.632Z,0.00120000
ethusdt,4315.82000000,2025-08-29T18:29:15.632Z,0.00120000
ethusdt,4315.82000000,2025-08-29T18:29:15.632Z,0.00120000
ethusdt,4315.82000000,2025-08-29T18:29:15.632Z,0.00120000
ethusdt,4315.83000000,2025-08-29T18:29:15.632Z,0.00120000
ethusdt,4315.83000000,2025-08-29T18:29:15.632Z,0.00120000
ethusdt,4315.83000000,2025-08-29T18:29:15.632Z,0.00120000
ethusdt,4315.83000000,2025-08-29T18:29:15.632Z,0.00120000
ethusdt,4315.83000000,2025-08-29T18:29:15.632Z,0.00120000
ethusdt,4315.83000000,2025-08-29T18:29:15.632Z,0.00120000
ethusdt,4315.85000000,2025-08-29T18:29:15.632Z,0.00120000
ethusdt,4315.85000000,2025-08-29T18:29:15.632Z,0.00120000
ethusdt,4315.85000000,2025-08-29T18:29:15.632Z,0.00120000
ethusdt,4315.86000000,2025-08-29T18:29:15.632Z,0.07380000
ethusdt,4315.86000000,2025-08-29T18:29:15.632Z,0.07380000
ethusdt,4315.86000000,2025-08-29T18:29:15.632Z,0.07380000
ethusdt,4315.86000000,2025-08-29T18:29:15.632Z,0.00120000
ethusdt,4315.86000000,2025-08-29T18:29:15.632Z,0.00120000
ethusdt,4315.86000000,2025-08-29T18:29:15.632Z,0.00120000
ethusdt,4315.88000000,2025-08-29T18:29:15.632Z,0.00120000
ethusdt,4315.88000000,2025-08-29T18:29:15.632Z,0.00120000
ethusdt,4315.88000000,2025-08-29T18:29:15.632Z,0.00120000
ethusdt,4315.89000000,2025-08-29T18:29:15.632Z,0.02320000
ethusdt,4315.89000000,2025-08-29T18:29:15.632Z,0.02320000
ethusdt,4315.89000000,2025-08-29T18:29:15.632Z,0.02320000
ethusdt,4315.89000000,2025-08-29T18:29:15.632Z,0.00120000
ethusdt,4315.89000000,2025-08-29T18:29:15.632Z,0.00120000
ethusdt,4315.89000000,2025-08-29T18:29:15.632Z,0.00120000
ethusdt,4315.90000000,2025-08-29T18:29:15.632Z,0.19670000
ethusdt,4315.90000000,2025-08-29T18:29:15.632Z,0.19670000
ethusdt,4315.90000000,2025-08-29T18:29:15.632Z,0.19670000
ethusdt,4315.90000000,2025-08-29T18:29:15.632Z,0.00120000
ethusdt,4315.90000000,2025-08-29T18:29:15.632Z,0.00120000
ethusdt,4315.90000000,2025-08-29T18:29:15.632Z,0.00120000
ethusdt,4315.91000000,2025-08-29T18:29:15.632Z,0.11590000
ethusdt,4315.91000000,2025-08-29T18:29:15.632Z,0.11590000
ethusdt,4315.91000000,2025-08-29T18:29:15.632Z,0.11590000
ethusdt,4315.91000000,2025-08-29T18:29:15.632Z,0.00120000
ethusdt,4315.91000000,2025-08-29T18:29:15.632Z,0.00120000
ethusdt,4315.91000000,2025-08-29T18:29:15.632Z,0.00120000
ethusdt,4315.93000000,2025-08-29T18:29:15.633Z,0.01400000
ethusdt,4315.93000000,2025-08-29T18:29:15.633Z,0.01400000
ethusdt,4315.93000000,2025-08-29T18:29:15.633Z,0.01400000
ethusdt,4315.93000000,2025-08-29T18:29:15.633Z,0.00120000
ethusdt,4315.93000000,2025-08-29T18:29:15.633Z,0.00120000
ethusdt,4315.93000000,2025-08-29T18:29:15.633Z,0.00120000
ethusdt,4315.97000000,2025-08-29T18:29:15.635Z,0.06760000
ethusdt,4315.97000000,2025-08-29T18:29:15.635Z,0.06760000
ethusdt,4315.97000000,2025-08-29T18:29:15.635Z,0.06760000
ethusdt,4316.00000000,2025-08-29T18:29:15.638Z,0.04630000
ethusdt,4316.00000000,2025-08-29T18:29:15.638Z,0.04630000
ethusdt,4316.00000000,2025-08-29T18:29:15.638Z,0.04630000
ethusdt,4316.00000000,2025-08-29T18:29:15.638Z,0.00120000
ethusdt,4316.00000000,2025-08-29T18:29:15.638Z,0.00120000
ethusdt,4316.00000000,2025-08-29T18:29:15.638Z,0.00120000
ethusdt,4316.00000000,2025-08-29T18:29:15.638Z,0.00120000
ethusdt,4316.00000000,2025-08-29T18:29:15.638Z,0.00120000
ethusdt,4316.00000000,2025-08-29T18:29:15.638Z,0.00120000
ethusdt,4316.02000000,2025-08-29T18:29:15.638Z,0.00120000
ethusdt,4316.02000000,2025-08-29T18:29:15.638Z,0.00120000
ethusdt,4316.02000000,2025-08-29T18:29:15.638Z,0.00120000
ethusdt,4316.02000000,2025-08-29T18:29:15.934Z,1.15890000
ethusdt,4316.02000000,2025-08-29T18:29:15.934Z,1.15890000
ethusdt,4316.02000000,2025-08-29T18:29:15.934Z,1.15890000
ethusdt,4316.02000000,2025-08-29T18:29:15.945Z,0.04330000
ethusdt,4316.02000000,2025-08-29T18:29:15.945Z,0.04330000
ethusdt,4316.02000000,2025-08-29T18:29:15.945Z,0.04330000
ethusdt,4316.03000000,2025-08-29T18:29:15.975Z,0.00120000
ethusdt,4316.03000000,2025-08-29T18:29:15.975Z,0.00120000
ethusdt,4316.03000000,2025-08-29T18:29:15.975Z,0.00120000
ethusdt,4316.03000000,2025-08-29T18:29:15.975Z,0.00120000
ethusdt,4316.03000000,2025-08-29T18:29:15.975Z,0.00120000
ethusdt,4316.03000000,2025-08-29T18:29:15.975Z,0.00120000
ethusdt,4316.03000000,2025-08-29T18:29:15.975Z,0.00120000
ethusdt,4316.03000000,2025-08-29T18:29:15.975Z,0.00120000
ethusdt,4316.03000000,2025-08-29T18:29:15.975Z,0.00120000
ethusdt,4316.03000000,2025-08-29T18:29:15.975Z,0.00120000
ethusdt,4316.03000000,2025-08-29T18:29:15.975Z,0.00120000
ethusdt,4316.03000000,2025-08-29T18:29:15.975Z,0.00120000
ethusdt,4316.03000000,2025-08-29T18:29:15.975Z,0.00120000
ethusdt,4316.03000000,2025-08-29T18:29:15.975Z,0.00120000
ethusdt,4316.03000000,2025-08-29T18:29:15.975Z,0.00120000
ethusdt,4316.03000000,2025-08-29T18:29:15.975Z,0.00120000
ethusdt,4316.03000000,2025-08-29T18:29:15.975Z,0.00120000
ethusdt,4316.03000000,2025-08-29T18:29:15.975Z,0.00120000
ethusdt,4316.03000000,2025-08-29T18:29:15.975Z,0.00120000
ethusdt,4316.03000000,2025-08-29T18:29:15.975Z,0.00120000
ethusdt,4316.03000000,2025-08-29T18:29:15.975Z,0.00120000
ethusdt,4316.03000000,2025-08-29T18:29:15.975Z,0.00120000
ethusdt,4316.03000000,2025-08-29T18:29:15.975Z,0.00120000
ethusdt,4316.03000000,2025-08-29T18:29:15.975Z,0.00120000
ethusdt,4316.03000000,2025-08-29T18:29:15.975Z,0.00120000
ethusdt,4316.03000000,2025-08-29T18:29:15.975Z,0.00120000
ethusdt,4316.03000000,2025-08-29T18:29:15.975Z,0.00120000
ethusdt,4316.03000000,2025-08-29T18:29:15.975Z,0.00260000
ethusdt,4316.03000000,2025-08-29T18:29:15.975Z,0.00260000
ethusdt,4316.03000000,2025-08-29T18:29:15.975Z,0.00260000
ethusdt,4316.03000000,2025-08-29T18:29:15.975Z,0.11790000
ethusdt,4316.03000000,2025-08-29T18:29:15.975Z,0.11790000
ethusdt,4316.03000000,2025-08-29T18:29:15.975Z,0.11790000
ethusdt,4316.03000000,2025-08-29T18:29:15.975Z,0.03040000
ethusdt,4316.03000000,2025-08-29T18:29:15.975Z,0.03040000
ethusdt,4316.03000000,2025-08-29T18:29:15.975Z,0.03040000
ethusdt,4316.03000000,2025-08-29T18:29:15.975Z,0.01160000
ethusdt,4316.03000000,2025-08-29T18:29:15.975Z,0.01160000
ethusdt,4316.03000000,2025-08-29T18:29:15.975Z,0.01160000
ethusdt,4316.03000000,2025-08-29T18:29:15.975Z,0.00120000
ethusdt,4316.03000000,2025-08-29T18:29:15.975Z,0.00120000
ethusdt,4316.03000000,2025-08-29T18:29:15.975Z,0.00120000
ethusdt,4316.03000000,2025-08-29T18:29:15.975Z,0.00120000
ethusdt,4316.03000000,2025-08-29T18:29:15.975Z,0.00120000
ethusdt,4316.03000000,2025-08-29T18:29:15.975Z,0.00120000
ethusdt,4316.03000000,2025-08-29T18:29:15.975Z,0.62710000
ethusdt,4316.03000000,2025-08-29T18:29:15.975Z,0.62710000
ethusdt,4316.03000000,2025-08-29T18:29:15.975Z,0.62710000
ethusdt,4316.03000000,2025-08-29T18:29:15.975Z,0.00600000
ethusdt,4316.03000000,2025-08-29T18:29:15.975Z,0.00600000
ethusdt,4316.03000000,2025-08-29T18:29:15.975Z,0.00600000
ethusdt,4316.03000000,2025-08-29T18:29:15.975Z,0.00120000
ethusdt,4316.03000000,2025-08-29T18:29:15.975Z,0.00120000
ethusdt,4316.03000000,2025-08-29T18:29:15.975Z,0.00120000
ethusdt,4316.03000000,2025-08-29T18:29:15.975Z,5.99430000
ethusdt,4316.03000000,2025-08-29T18:29:15.975Z,5.99430000
ethusdt,4316.03000000,2025-08-29T18:29:15.975Z,5.99430000
ethusdt,4316.04000000,2025-08-29T18:29:15.985Z,0.00120000
ethusdt,4316.04000000,2025-08-29T18:29:15.985Z,0.00120000
ethusdt,4316.04000000,2025-08-29T18:29:15.985Z,0.00120000
ethusdt,4316.04000000,2025-08-29T18:29:15.985Z,0.00120000
ethusdt,4316.04000000,2025-08-29T18:29:15.985Z,0.00120000
ethusdt,4316.04000000,2025-08-29T18:29:15.985Z,0.00120000
ethusdt,4316.04000000,2025-08-29T18:29:15.985Z,0.00120000
ethusdt,4316.04000000,2025-08-29T18:29:15.985Z,0.00120000
ethusdt,4316.04000000,2025-08-29T18:29:15.985Z,0.00120000
ethusdt,4316.04000000,2025-08-29T18:29:15.985Z,0.00120000
ethusdt,4316.04000000,2025-08-29T18:29:15.985Z,0.00120000
ethusdt,4316.04000000,2025-08-29T18:29:15.985Z,0.00120000
ethusdt,4316.04000000,2025-08-29T18:29:15.985Z,0.00120000
ethusdt,4316.04000000,2025-08-29T18:29:15.985Z,0.00120000
ethusdt,4316.04000000,2025-08-29T18:29:15.985Z,0.00120000
ethusdt,4316.04000000,2025-08-29T18:29:15.985Z,0.00120000
ethusdt,4316.04000000,2025-08-29T18:29:15.985Z,0.00120000
ethusdt,4316.04000000,2025-08-29T18:29:15.985Z,0.00120000
ethusdt,4316.04000000,2025-08-29T18:29:15.985Z,0.00120000
ethusdt,4316.04000000,2025-08-29T18:29:15.985Z,0.00120000
ethusdt,4316.04000000,2025-08-29T18:29:15.985Z,0.00120000
ethusdt,4316.04000000,2025-08-29T18:29:15.985Z,0.00120000
ethusdt,4316.04000000,2025-08-29T18:29:15.985Z,0.00120000
ethusdt,4316.04000000,2025-08-29T18:29:15.985Z,0.00120000
ethusdt,4316.04000000,2025-08-29T18:29:15.985Z,0.00120000
ethusdt,4316.04000000,2025-08-29T18:29:15.985Z,0.00120000
ethusdt,4316.04000000,2025-08-29T18:29:15.985Z,0.00120000
ethusdt,4316.04000000,2025-08-29T18:29:15.985Z,0.00600000
ethusdt,4316.04000000,2025-08-29T18:29:15.985Z,0.00600000
ethusdt,4316.04000000,2025-08-29T18:29:15.985Z,0.00600000
ethusdt,4316.04000000,2025-08-29T18:29:15.985Z,0.00120000
ethusdt,4316.04000000,2025-08-29T18:29:15.985Z,0.00120000
ethusdt,4316.04000000,2025-08-29T18:29:15.985Z,0.00120000
ethusdt,4316.04000000,2025-08-29T18:29:15.985Z,0.00120000
ethusdt,4316.04000000,2025-08-29T18:29:15.985Z,0.00120000
ethusdt,4316.04000000,2025-08-29T18:29:15.985Z,0.00120000
ethusdt,4316.04000000,2025-08-29T18:29:15.985Z,0.00120000
ethusdt,4316.04000000,2025-08-29T18:29:15.985Z,0.00120000
ethusdt,4316.04000000,2025-08-29T18:29:15.985Z,0.00120000
ethusdt,4316.04000000,2025-08-29T18:29:15.985Z,0.00260000
ethusdt,4316.04000000,2025-08-29T18:29:15.985Z,0.00260000
ethusdt,4316.04000000,2025-08-29T18:29:15.985Z,0.00260000
ethusdt,4316.04000000,2025-08-29T18:29:15.985Z,0.00150000
ethusdt,4316.04000000,2025-08-29T18:29:15.985Z,0.00150000
ethusdt,4316.04000000,2025-08-29T18:29:15.985Z,0.00150000
ethusdt,4316.04000000,2025-08-29T18:29:15.985Z,0.11790000
ethusdt,4316.04000000,2025-08-29T18:29:15.985Z,0.11790000
ethusdt,4316.04000000,2025-08-29T18:29:15.985Z,0.11790000
ethusdt,4316.04000000,2025-08-29T18:29:15.985Z,5.00240000
ethusdt,4316.04000000,2025-08-29T18:29:15.985Z,5.00240000
ethusdt,4316.04000000,2025-08-29T18:29:15.985Z,5.00240000
ethusdt,4316.04000000,2025-08-29T18:29:15.987Z,0.01110000
ethusdt,4316.04000000,2025-08-29T18:29:15.987Z,0.01110000
ethusdt,4316.04000000,2025-08-29T18:29:15.987Z,0.01110000
ethusdt,4316.05000000,2025-08-29T18:29:15.987Z,0.00120000
ethusdt,4316.05000000,2025-08-29T18:29:15.987Z,0.00120000
ethusdt,4316.05000000,2025-08-29T18:29:15.987Z,0.00120000
ethusdt,4316.05000000,2025-08-29T18:29:15.987Z,0.00120000
ethusdt,4316.05000000,2025-08-29T18:29:15.987Z,0.00120000
ethusdt,4316.05000000,2025-08-29T18:29:15.987Z,0.00120000
ethusdt,4316.05000000,2025-08-29T18:29:15.987Z,0.00120000
ethusdt,4316.05000000,2025-08-29T18:29:15.987Z,0.00120000
ethusdt,4316.05000000,2025-08-29T18:29:15.987Z,0.00120000
ethusdt,4316.05000000,2025-08-29T18:29:15.987Z,0.00120000
ethusdt,4316.05000000,2025-08-29T18:29:15.987Z,0.00120000
ethusdt,4316.05000000,2025-08-29T18:29:15.987Z,0.00120000
ethusdt,4316.05000000,2025-08-29T18:29:15.987Z,0.00120000
ethusdt,4316.05000000,2025-08-29T18:29:15.987Z,0.00120000
ethusdt,4316.05000000,2025-08-29T18:29:15.987Z,0.00120000
ethusdt,4316.05000000,2025-08-29T18:29:15.987Z,0.00120000
ethusdt,4316.05000000,2025-08-29T18:29:15.987Z,0.00120000
ethusdt,4316.05000000,2025-08-29T18:29:15.987Z,0.00120000
ethusdt,4316.08000000,2025-08-29T18:29:15.987Z,0.02320000
ethusdt,4316.08000000,2025-08-29T18:29:15.987Z,0.02320000
ethusdt,4316.08000000,2025-08-29T18:29:15.987Z,0.02320000
ethusdt,4316.08000000,2025-08-29T18:29:15.987Z,0.00120000
ethusdt,4316.08000000,2025-08-29T18:29:15.987Z,0.00120000
ethusdt,4316.08000000,2025-08-29T18:29:15.987Z,0.00120000
ethusdt,4316.12000000,2025-08-29T18:29:15.987Z,0.04640000
ethusdt,4316.12000000,2025-08-29T18:29:15.987Z,0.04640000
ethusdt,4316.12000000,2025-08-29T18:29:15.987Z,0.04640000
ethusdt,4316.12000000,2025-08-29T18:29:15.987Z,0.00120000
ethusdt,4316.12000000,2025-08-29T18:29:15.987Z,0.00120000
ethusdt,4316.12000000,2025-08-29T18:29:15.987Z,0.00120000
ethusdt,4316.13000000,2025-08-29T18:29:15.987Z,0.00120000
ethusdt,4316.13000000,2025-08-29T18:29:15.987Z,0.00120000
ethusdt,4316.13000000,2025-08-29T18:29:15.987Z,0.00120000
ethusdt,4316.14000000,2025-08-29T18:29:16.460Z,0.01330000
ethusdt,4316.14000000,2025-08-29T18:29:16.460Z,0.01330000
ethusdt,4316.14000000,2025-08-29T18:29:16.460Z,0.01330000
ethusdt,4316.14000000,2025-08-29T18:29:16.635Z,0.00550000
ethusdt,4316.14000000,2025-08-29T18:29:16.635Z,0.00550000
ethusdt,4316.14000000,2025-08-29T18:29:16.635Z,0.00550000
ethusdt,4316.13000000,2025-08-29T18:29:17.525Z,0.02460000
ethusdt,4316.13000000,2025-08-29T18:29:17.525Z,0.02460000
ethusdt,4316.13000000,2025-08-29T18:29:17.525Z,0.02460000
ethusdt,4316.14000000,2025-08-29T18:29:18.284Z,0.05080000
ethusdt,4316.14000000,2025-08-29T18:29:18.284Z,0.05080000
ethusdt,4316.14000000,2025-08-29T18:29:18.284Z,0.05080000
ethusdt,4316.14000000,2025-08-29T18:29:18.284Z,0.06960000
ethusdt,4316.14000000,2025-08-29T18:29:18.284Z,0.06960000
ethusdt,4316.14000000,2025-08-29T18:29:18.284Z,0.06960000
ethusdt,4316.14000000,2025-08-29T18:29:18.284Z,0.00120000
ethusdt,4316.14000000,2025-08-29T18:29:18.284Z,0.00120000
ethusdt,4316.14000000,2025-08-29T18:29:18.284Z,0.00120000
ethusdt,4316.14000000,2025-08-29T18:29:18.284Z,0.00120000
ethusdt,4316.14000000,2025-08-29T18:29:18.284Z,0.00120000
ethusdt,4316.14000000,2025-08-29T18:29:18.284Z,0.00120000
ethusdt,4316.14000000,2025-08-29T18:29:18.284Z,0.00120000
ethusdt,4316.14000000,2025-08-29T18:29:18.284Z,0.00120000
ethusdt,4316.14000000,2025-08-29T18:29:18.284Z,0.00120000
ethusdt,4316.14000000,2025-08-29T18:29:18.284Z,0.01500000
ethusdt,4316.14000000,2025-08-29T18:29:18.284Z,0.01500000
ethusdt,4316.14000000,2025-08-29T18:29:18.284Z,0.01500000
ethusdt,4316.14000000,2025-08-29T18:29:18.284Z,0.00120000
ethusdt,4316.14000000,2025-08-29T18:29:18.284Z,0.00120000
ethusdt,4316.14000000,2025-08-29T18:29:18.284Z,0.00120000
ethusdt,4316.14000000,2025-08-29T18:29:18.284Z,0.00120000
ethusdt,4316.14000000,2025-08-29T18:29:18.284Z,0.00120000
ethusdt,4316.14000000,2025-08-29T18:29:18.284Z,0.00120000
ethusdt,4316.14000000,2025-08-29T18:29:18.284Z,0.00120000
ethusdt,4316.14000000,2025-08-29T18:29:18.284Z,0.00120000
ethusdt,4316.14000000,2025-08-29T18:29:18.284Z,0.00120000
ethusdt,4316.14000000,2025-08-29T18:29:18.284Z,0.00120000
ethusdt,4316.14000000,2025-08-29T18:29:18.284Z,0.00120000
ethusdt,4316.14000000,2025-08-29T18:29:18.284Z,0.00120000
ethusdt,4316.14000000,2025-08-29T18:29:18.284Z,0.00120000
ethusdt,4316.14000000,2025-08-29T18:29:18.284Z,0.00120000
ethusdt,4316.14000000,2025-08-29T18:29:18.284Z,0.00120000
ethusdt,4316.14000000,2025-08-29T18:29:18.284Z,0.00120000
ethusdt,4316.14000000,2025-08-29T18:29:18.284Z,0.00120000
ethusdt,4316.14000000,2025-08-29T18:29:18.284Z,0.00120000
ethusdt,4316.14000000,2025-08-29T18:29:18.284Z,0.16810000
ethusdt,4316.14000000,2025-08-29T18:29:18.284Z,0.16810000
ethusdt,4316.14000000,2025-08-29T18:29:18.284Z,0.16810000
ethusdt,4316.14000000,2025-08-29T18:29:18.284Z,0.01380000
ethusdt,4316.14000000,2025-08-29T18:29:18.284Z,0.01380000
ethusdt,4316.14000000,2025-08-29T18:29:18.284Z,0.01380000
ethusdt,4316.14000000,2025-08-29T18:29:18.284Z,0.11790000
ethusdt,4316.14000000,2025-08-29T18:29:18.284Z,0.11790000
ethusdt,4316.14000000,2025-08-29T18:29:18.284Z,0.11790000
ethusdt,4316.14000000,2025-08-29T18:29:18.284Z,0.64090000
ethusdt,4316.14000000,2025-08-29T18:29:18.284Z,0.64090000
ethusdt,4316.14000000,2025-08-29T18:29:18.284Z,0.64090000
ethusdt,4316.14000000,2025-08-29T18:29:18.284Z,0.00600000
ethusdt,4316.14000000,2025-08-29T18:29:18.284Z,0.00600000
ethusdt,4316.14000000,2025-08-29T18:29:18.284Z,0.00600000
ethusdt,4316.14000000,2025-08-29T18:29:18.284Z,0.00120000
ethusdt,4316.14000000,2025-08-29T18:29:18.284Z,0.00120000
ethusdt,4316.14000000,2025-08-29T18:29:18.284Z,0.00120000
ethusdt,4316.14000000,2025-08-29T18:29:18.284Z,0.00120000
ethusdt,4316.14000000,2025-08-29T18:29:18.284Z,0.00120000
ethusdt,4316.14000000,2025-08-29T18:29:18.284Z,0.00120000
ethusdt,4316.14000000,2025-08-29T18:29:18.284Z,0.76560000
ethusdt,4316.14000000,2025-08-29T18:29:18.284Z,0.76560000
ethusdt,4316.14000000,2025-08-29T18:29:18.284Z,0.76560000
ethusdt,4316.14000000,2025-08-29T18:29:18.345Z,0.00720000
ethusdt,4316.14000000,2025-08-29T18:29:18.345Z,0.00720000
ethusdt,4316.14000000,2025-08-29T18:29:18.345Z,0.00720000
ethusdt,4316.14000000,2025-08-29T18:29:19.606Z,0.00290000
ethusdt,4316.14000000,2025-08-29T18:29:19.606Z,0.00290000
ethusdt,4316.14000000,2025-08-29T18:29:19.606Z,0.00290000
ethusdt,4316.14000000,2025-08-29T18:29:20.536Z,3.44760000
ethusdt,4316.14000000,2025-08-29T18:29:20.536Z,3.44760000
ethusdt,4316.14000000,2025-08-29T18:29:20.536Z,3.44760000
ethusdt,4316.14000000,2025-08-29T18:29:20.536Z,0.00140000
ethusdt,4316.14000000,2025-08-29T18:29:20.536Z,0.00140000
ethusdt,4316.14000000,2025-08-29T18:29:20.536Z,0.00140000
ethusdt,4316.14000000,2025-08-29T18:29:20.536Z,0.00120000
ethusdt,4316.14000000,2025-08-29T18:29:20.536Z,0.00120000
ethusdt,4316.14000000,2025-08-29T18:29:20.536Z,0.00120000
ethusdt,4316.14000000,2025-08-29T18:29:20.536Z,0.11780000
ethusdt,4316.14000000,2025-08-29T18:29:20.536Z,0.11780000
ethusdt,4316.14000000,2025-08-29T18:29:20.536Z,0.11780000
ethusdt,4316.14000000,2025-08-29T18:29:20.536Z,0.00120000
ethusdt,4316.14000000,2025-08-29T18:29:20.536Z,0.00120000
ethusdt,4316.14000000,2025-08-29T18:29:20.536Z,0.00120000
ethusdt,4316.14000000,2025-08-29T18:29:20.536Z,0.00600000
ethusdt,4316.14000000,2025-08-29T18:29:20.536Z,0.00600000
ethusdt,4316.14000000,2025-08-29T18:29:20.536Z,0.00600000
ethusdt,4316.14000000,2025-08-29T18:29:20.536Z,0.00120000
ethusdt,4316.14000000,2025-08-29T18:29:20.536Z,0.00120000
ethusdt,4316.14000000,2025-08-29T18:29:20.536Z,0.00120000
ethusdt,4316.15000000,2025-08-29T18:29:20.536Z,0.00120000
ethusdt,4316.15000000,2025-08-29T18:29:20.536Z,0.00120000
ethusdt,4316.15000000,2025-08-29T18:29:20.536Z,0.00120000
ethusdt,4316.15000000,2025-08-29T18:29:20.536Z,0.00120000
ethusdt,4316.15000000,2025-08-29T18:29:20.536Z,0.00120000
ethusdt,4316.15000000,2025-08-29T18:29:20.536Z,0.00120000
ethusdt,4316.15000000,2025-08-29T18:29:20.536Z,0.00120000
ethusdt,4316.15000000,2025-08-29T18:29:20.536Z,0.00120000
ethusdt,4316.15000000,2025-08-29T18:29:20.536Z,0.00120000
ethusdt,4316.15000000,2025-08-29T18:29:20.536Z,0.00120000
ethusdt,4316.15000000,2025-08-29T18:29:20.536Z,0.00120000
ethusdt,4316.15000000,2025-08-29T18:29:20.536Z,0.00120000
ethusdt,4316.15000000,2025-08-29T18:29:20.536Z,0.00120000
ethusdt,4316.15000000,2025-08-29T18:29:20.536Z,0.00120000
ethusdt,4316.15000000,2025-08-29T18:29:20.536Z,0.00120000
ethusdt,4316.15000000,2025-08-29T18:29:20.536Z,0.00120000
ethusdt,4316.15000000,2025-08-29T18:29:20.536Z,0.00120000
ethusdt,4316.15000000,2025-08-29T18:29:20.536Z,0.00120000
ethusdt,4316.15000000,2025-08-29T18:29:20.536Z,0.41840000
ethusdt,4316.15000000,2025-08-29T18:29:20.536Z,0.41840000
ethusdt,4316.15000000,2025-08-29T18:29:20.536Z,0.41840000
ethusdt,4316.15000000,2025-08-29T18:29:20.536Z,0.00600000
ethusdt,4316.15000000,2025-08-29T18:29:20.536Z,0.00600000
ethusdt,4316.15000000,2025-08-29T18:29:20.536Z,0.00600000
ethusdt,4316.16000000,2025-08-29T18:29:20.536Z,0.03480000
ethusdt,4316.16000000,2025-08-29T18:29:20.536Z,0.03480000
ethusdt,4316.16000000,2025-08-29T18:29:20.536Z,0.03480000
ethusdt,4316.16000000,2025-08-29T18:29:20.536Z,0.00120000
ethusdt,4316.16000000,2025-08-29T18:29:20.536Z,0.00120000
ethusdt,4316.16000000,2025-08-29T18:29:20.536Z,0.00120000
ethusdt,4316.17000000,2025-08-29T18:29:20.537Z,0.00120000
ethusdt,4316.17000000,2025-08-29T18:29:20.537Z,0.00120000
ethusdt,4316.17000000,2025-08-29T18:29:20.537Z,0.00120000
ethusdt,4316.18000000,2025-08-29T18:29:20.537Z,0.00120000
ethusdt,4316.18000000,2025-08-29T18:29:20.537Z,0.00120000
ethusdt,4316.18000000,2025-08-29T18:29:20.537Z,0.00120000
ethusdt,4316.18000000,2025-08-29T18:29:20.537Z,0.00120000
ethusdt,4316.18000000,2025-08-29T18:29:20.537Z,0.00120000
ethusdt,4316.18000000,2025-08-29T18:29:20.537Z,0.00120000
ethusdt,4316.19000000,2025-08-29T18:29:20.537Z,0.00120000
ethusdt,4316.19000000,2025-08-29T18:29:20.537Z,0.00120000
ethusdt,4316.19000000,2025-08-29T18:29:20.537Z,0.00120000
ethusdt,4316.20000000,2025-08-29T18:29:20.601Z,0.15410000
ethusdt,4316.20000000,2025-08-29T18:29:20.601Z,0.15410000
ethusdt,4316.20000000,2025-08-29T18:29:20.601Z,0.15410000
ethusdt,4316.20000000,2025-08-29T18:29:20.601Z,0.00120000
ethusdt,4316.20000000,2025-08-29T18:29:20.601Z,0.00120000
ethusdt,4316.20000000,2025-08-29T18:29:20.601Z,0.00120000
ethusdt,4316.20000000,2025-08-29T18:29:20.601Z,0.00600000
ethusdt,4316.20000000,2025-08-29T18:29:20.601Z,0.00600000
ethusdt,4316.20000000,2025-08-29T18:29:20.601Z,0.00600000
ethusdt,4316.20000000,2025-08-29T18:29:20.601Z,0.00120000
ethusdt,4316.20000000,2025-08-29T18:29:20.601Z,0.00120000
ethusdt,4316.20000000,2025-08-29T18:29:20.601Z,0.00120000
ethusdt,4316.20000000,2025-08-29T18:29:20.601Z,0.00120000
ethusdt,4316.20000000,2025-08-29T18:29:20.601Z,0.00120000
ethusdt,4316.20000000,2025-08-29T18:29:20.601Z,0.00120000
ethusdt,4316.20000000,2025-08-29T18:29:20.601Z,0.00120000
ethusdt,4316.20000000,2025-08-29T18:29:20.601Z,0.00120000
ethusdt,4316.20000000,2025-08-29T18:29:20.601Z,0.00120000
ethusdt,4316.20000000,2025-08-29T18:29:20.601Z,0.00120000
ethusdt,4316.20000000,2025-08-29T18:29:20.601Z,0.00120000
ethusdt,4316.20000000,2025-08-29T18:29:20.601Z,0.00120000
ethusdt,4316.20000000,2025-08-29T18:29:20.601Z,0.00120000
ethusdt,4316.20000000,2025-08-29T18:29:20.601Z,0.00120000
ethusdt,4316.20000000,2025-08-29T18:29:20.601Z,0.00120000
ethusdt,4316.20000000,2025-08-29T18:29:20.601Z,0.00120000
ethusdt,4316.20000000,2025-08-29T18:29:20.601Z,0.00120000
ethusdt,4316.20000000,2025-08-29T18:29:20.601Z,0.00120000
ethusdt,4316.20000000,2025-08-29T18:29:20.601Z,0.00120000
ethusdt,4316.20000000,2025-08-29T18:29:20.601Z,0.00120000
ethusdt,4316.20000000,2025-08-29T18:29:20.601Z,0.00120000
ethusdt,4316.20000000,2025-08-29T18:29:20.601Z,0.00120000
ethusdt,4316.20000000,2025-08-29T18:29:20.601Z,0.00120000
ethusdt,4316.20000000,2025-08-29T18:29:20.601Z,0.00120000
ethusdt,4316.20000000,2025-08-29T18:29:20.601Z,0.00120000
ethusdt,4316.20000000,2025-08-29T18:29:20.601Z,0.00120000
ethusdt,4316.20000000,2025-08-29T18:29:20.601Z,0.00120000
ethusdt,4316.20000000,2025-08-29T18:29:20.601Z,0.00120000
ethusdt,4316.20000000,2025-08-29T18:29:20.601Z,0.00120000
ethusdt,4316.20000000,2025-08-29T18:29:20.601Z,0.00120000
ethusdt,4316.20000000,2025-08-29T18:29:20.601Z,0.11770000
ethusdt,4316.20000000,2025-08-29T18:29:20.601Z,0.11770000
ethusdt,4316.20000000,2025-08-29T18:29:20.601Z,0.11770000
ethusdt,4316.20000000,2025-08-29T18:29:20.601Z,0.00840000
ethusdt,4316.20000000,2025-08-29T18:29:20.601Z,0.00840000
ethusdt,4316.20000000,2025-08-29T18:29:20.601Z,0.00840000
ethusdt,4316.20000000,2025-08-29T18:29:20.601Z,0.02990000
ethusdt,4316.20000000,2025-08-29T18:29:20.601Z,0.02990000
ethusdt,4316.20000000,2025-08-29T18:29:20.601Z,0.02990000
ethusdt,4316.21000000,2025-08-29T18:29:20.601Z,0.00120000
ethusdt,4316.21000000,2025-08-29T18:29:20.601Z,0.00120000
ethusdt,4316.21000000,2025-08-29T18:29:20.601Z,0.00120000
ethusdt,4316.21000000,2025-08-29T18:29:20.601Z,0.00120000
ethusdt,4316.21000000,2025-08-29T18:29:20.601Z,0.00120000
ethusdt,4316.21000000,2025-08-29T18:29:20.601Z,0.00120000
ethusdt,4316.21000000,2025-08-29T18:29:20.601Z,0.00120000
ethusdt,4316.21000000,2025-08-29T18:29:20.601Z,0.00120000
ethusdt,4316.21000000,2025-08-29T18:29:20.601Z,0.00120000
ethusdt,4316.21000000,2025-08-29T18:29:20.601Z,0.00120000
ethusdt,4316.21000000,2025-08-29T18:29:20.601Z,0.00120000
ethusdt,4316.21000000,2025-08-29T18:29:20.601Z,0.00120000
ethusdt,4316.21000000,2025-08-29T18:29:20.601Z,0.00120000
ethusdt,4316.21000000,2025-08-29T18:29:20.601Z,0.00120000
ethusdt,4316.21000000,2025-08-29T18:29:20.601Z,0.00120000
ethusdt,4316.21000000,2025-08-29T18:29:20.601Z,0.00120000
ethusdt,4316.21000000,2025-08-29T18:29:20.601Z,0.00120000
ethusdt,4316.21000000,2025-08-29T18:29:20.601Z,0.00120000
ethusdt,4316.22000000,2025-08-29T18:29:20.601Z,0.00200000
ethusdt,4316.22000000,2025-08-29T18:29:20.601Z,0.00200000
ethusdt,4316.22000000,2025-08-29T18:29:20.601Z,0.00200000
ethusdt,4316.22000000,2025-08-29T18:29:20.601Z,0.00120000
ethusdt,4316.22000000,2025-08-29T18:29:20.601Z,0.00120000
ethusdt,4316.22000000,2025-08-29T18:29:20.601Z,0.00120000
ethusdt,4316.23000000,2025-08-29T18:29:20.601Z,0.00120000
ethusdt,4316.23000000,2025-08-29T18:29:20.601Z,0.00120000
ethusdt,4316.23000000,2025-08-29T18:29:20.601Z,0.00120000
ethusdt,4316.24000000,2025-08-29T18:29:20.601Z,0.11590000
ethusdt,4316.24000000,2025-08-29T18:29:20.601Z,0.11590000
ethusdt,4316.24000000,2025-08-29T18:29:20.601Z,0.11590000
ethusdt,4316.24000000,2025-08-29T18:29:20.601Z,0.00120000
ethusdt,4316.24000000,2025-08-29T18:29:20.601Z,0.00120000
ethusdt,4316.24000000,2025-08-29T18:29:20.601Z,0.00120000
ethusdt,4316.26000000,2025-08-29T18:29:20.601Z,0.00120000
ethusdt,4316.26000000,2025-08-29T18:29:20.601Z,0.00120000
ethusdt,4316.26000000,2025-08-29T18:29:20.601Z,0.00120000
ethusdt,4316.26000000,2025-08-29T18:29:20.601Z,0.00120000
ethusdt,4316.26000000,2025-08-29T18:29:20.601Z,0.00120000
ethusdt,4316.26000000,2025-08-29T18:29:20.601Z,0.00120000
ethusdt,4316.27000000,2025-08-29T18:29:20.601Z,4.08820000
ethusdt,4316.27000000,2025-08-29T18:29:20.601Z,4.08820000
ethusdt,4316.27000000,2025-08-29T18:29:20.601Z,4.08820000
ethusdt,4316.27000000,2025-08-29T18:29:20.602Z,1.87530000
ethusdt,4316.27000000,2025-08-29T18:29:20.602Z,1.87530000
ethusdt,4316.27000000,2025-08-29T18:29:20.602Z,1.87530000
ethusdt,4316.27000000,2025-08-29T18:29:20.602Z,1.32740000
ethusdt,4316.27000000,2025-08-29T18:29:20.602Z,1.32740000
ethusdt,4316.27000000,2025-08-29T18:29:20.602Z,1.32740000
ethusdt,4316.27000000,2025-08-29T18:29:20.616Z,0.59180000
ethusdt,4316.27000000,2025-08-29T18:29:20.616Z,0.59180000
ethusdt,4316.27000000,2025-08-29T18:29:20.616Z,0.59180000
ethusdt,4316.27000000,2025-08-29T18:29:20.616Z,0.00120000
ethusdt,4316.27000000,2025-08-29T18:29:20.616Z,0.00120000
ethusdt,4316.27000000,2025-08-29T18:29:20.616Z,0.00120000
ethusdt,4316.27000000,2025-08-29T18:29:20.616Z,0.04160000
ethusdt,4316.27000000,2025-08-29T18:29:20.616Z,0.04160000
ethusdt,4316.27000000,2025-08-29T18:29:20.616Z,0.04160000
ethusdt,4316.27000000,2025-08-29T18:29:20.616Z,0.00120000
ethusdt,4316.27000000,2025-08-29T18:29:20.616Z,0.00120000
ethusdt,4316.27000000,2025-08-29T18:29:20.616Z,0.00120000
ethusdt,4316.27000000,2025-08-29T18:29:20.616Z,0.00120000
ethusdt,4316.27000000,2025-08-29T18:29:20.616Z,0.00120000
ethusdt,4316.27000000,2025-08-29T18:29:20.616Z,0.00120000
ethusdt,4316.27000000,2025-08-29T18:29:20.616Z,0.00120000
ethusdt,4316.27000000,2025-08-29T18:29:20.616Z,0.00120000
ethusdt,4316.27000000,2025-08-29T18:29:20.616Z,0.00120000
ethusdt,4316.27000000,2025-08-29T18:29:20.616Z,0.00120000
ethusdt,4316.27000000,2025-08-29T18:29:20.616Z,0.00120000
ethusdt,4316.27000000,2025-08-29T18:29:20.616Z,0.00120000
ethusdt,4316.27000000,2025-08-29T18:29:20.616Z,0.00120000
ethusdt,4316.27000000,2025-08-29T18:29:20.616Z,0.00120000
ethusdt,4316.27000000,2025-08-29T18:29:20.616Z,0.00120000
ethusdt,4316.27000000,2025-08-29T18:29:20.616Z,0.11770000
ethusdt,4316.27000000,2025-08-29T18:29:20.616Z,0.11770000
ethusdt,4316.27000000,2025-08-29T18:29:20.616Z,0.11770000
ethusdt,4316.27000000,2025-08-29T18:29:20.616Z,0.00960000
ethusdt,4316.27000000,2025-08-29T18:29:20.616Z,0.00960000
ethusdt,4316.27000000,2025-08-29T18:29:20.616Z,0.00960000
ethusdt,4316.28000000,2025-08-29T18:29:20.616Z,0.00120000
ethusdt,4316.28000000,2025-08-29T18:29:20.616Z,0.00120000
ethusdt,4316.28000000,2025-08-29T18:29:20.616Z,0.00120000
ethusdt,4316.28000000,2025-08-29T18:29:20.616Z,0.00120000
ethusdt,4316.28000000,2025-08-29T18:29:20.616Z,0.00120000
ethusdt,4316.28000000,2025-08-29T18:29:20.616Z,0.00120000
ethusdt,4316.28000000,2025-08-29T18:29:20.616Z,0.00120000
ethusdt,4316.28000000,2025-08-29T18:29:20.616Z,0.00120000
ethusdt,4316.28000000,2025-08-29T18:29:20.616Z,0.00120000
ethusdt,4316.28000000,2025-08-29T18:29:20.616Z,0.00120000
ethusdt,4316.28000000,2025-08-29T18:29:20.616Z,0.00120000
ethusdt,4316.28000000,2025-08-29T18:29:20.616Z,0.00120000
ethusdt,4316.28000000,2025-08-29T18:29:20.616Z,0.00120000
ethusdt,4316.28000000,2025-08-29T18:29:20.616Z,0.00120000
ethusdt,4316.28000000,2025-08-29T18:29:20.616Z,0.00120000
ethusdt,4316.28000000,2025-08-29T18:29:20.616Z,0.00120000
ethusdt,4316.28000000,2025-08-29T18:29:20.616Z,0.00120000
ethusdt,4316.28000000,2025-08-29T18:29:20.616Z,0.00120000
ethusdt,4316.30000000,2025-08-29T18:29:20.617Z,0.00120000
ethusdt,4316.30000000,2025-08-29T18:29:20.617Z,0.00120000
ethusdt,4316.30000000,2025-08-29T18:29:20.617Z,0.00120000
ethusdt,4316.32000000,2025-08-29T18:29:20.617Z,0.02320000
ethusdt,4316.32000000,2025-08-29T18:29:20.617Z,0.02320000
ethusdt,4316.32000000,2025-08-29T18:29:20.617Z,0.02320000
ethusdt,4316.32000000,2025-08-29T18:29:20.617Z,0.00120000
ethusdt,4316.32000000,2025-08-29T18:29:20.617Z,0.00120000
ethusdt,4316.32000000,2025-08-29T18:29:20.617Z,0.00120000
ethusdt,4316.33000000,2025-08-29T18:29:20.661Z,0.07280000
ethusdt,4316.33000000,2025-08-29T18:29:20.661Z,0.07280000
ethusdt,4316.33000000,2025-08-29T18:29:20.661Z,0.07280000
ethusdt,4316.33000000,2025-08-29T18:29:20.661Z,0.00120000
ethusdt,4316.33000000,2025-08-29T18:29:20.661Z,0.00120000
ethusdt,4316.33000000,2025-08-29T18:29:20.661Z,0.00120000
ethusdt,4316.33000000,2025-08-29T18:29:20.661Z,0.00120000
ethusdt,4316.33000000,2025-08-29T18:29:20.661Z,0.00120000
ethusdt,4316.33000000,2025-08-29T18:29:20.661Z,0.00120000
ethusdt,4316.33000000,2025-08-29T18:29:20.661Z,0.00120000
ethusdt,4316.33000000,2025-08-29T18:29:20.661Z,0.00120000
ethusdt,4316.33000000,2025-08-29T18:29:20.661Z,0.00120000
ethusdt,4316.33000000,2025-08-29T18:29:20.661Z,0.00120000
ethusdt,4316.33000000,2025-08-29T18:29:20.661Z,0.00120000
ethusdt,4316.33000000,2025-08-29T18:29:20.661Z,0.00120000
ethusdt,4316.33000000,2025-08-29T18:29:20.661Z,0.00120000
ethusdt,4316.33000000,2025-08-29T18:29:20.661Z,0.00120000
ethusdt,4316.33000000,2025-08-29T18:29:20.661Z,0.00120000
ethusdt,4316.33000000,2025-08-29T18:29:20.661Z,0.00120000
ethusdt,4316.33000000,2025-08-29T18:29:20.661Z,0.00120000
ethusdt,4316.33000000,2025-08-29T18:29:20.661Z,0.00120000
ethusdt,4316.33000000,2025-08-29T18:29:20.661Z,0.00600000
ethusdt,4316.33000000,2025-08-29T18:29:20.661Z,0.00600000
ethusdt,4316.33000000,2025-08-29T18:29:20.661Z,0.00600000
ethusdt,4316.33000000,2025-08-29T18:29:20.661Z,0.00120000
ethusdt,4316.33000000,2025-08-29T18:29:20.661Z,0.00120000
ethusdt,4316.33000000,2025-08-29T18:29:20.661Z,0.00120000
ethusdt,4316.33000000,2025-08-29T18:29:20.661Z,0.00120000
ethusdt,4316.33000000,2025-08-29T18:29:20.661Z,0.00120000
ethusdt,4316.33000000,2025-08-29T18:29:20.661Z,0.00120000
ethusdt,4316.33000000,2025-08-29T18:29:20.661Z,0.00120000
ethusdt,4316.33000000,2025-08-29T18:29:20.661Z,0.00120000
ethusdt,4316.33000000,2025-08-29T18:29:20.661Z,0.00120000
ethusdt,4316.33000000,2025-08-29T18:29:20.661Z,0.00120000
ethusdt,4316.33000000,2025-08-29T18:29:20.661Z,0.00120000
ethusdt,4316.33000000,2025-08-29T18:29:20.661Z,0.00120000
ethusdt,4316.33000000,2025-08-29T18:29:20.661Z,0.00120000
ethusdt,4316.33000000,2025-08-29T18:29:20.661Z,0.00120000
ethusdt,4316.33000000,2025-08-29T18:29:20.661Z,0.00120000
ethusdt,4316.33000000,2025-08-29T18:29:20.661Z,0.00830000
ethusdt,4316.33000000,2025-08-29T18:29:20.661Z,0.00830000
ethusdt,4316.33000000,2025-08-29T18:29:20.661Z,0.00830000
ethusdt,4316.33000000,2025-08-29T18:29:20.661Z,0.11770000
ethusdt,4316.33000000,2025-08-29T18:29:20.661Z,0.11770000
ethusdt,4316.33000000,2025-08-29T18:29:20.661Z,0.11770000
ethusdt,4316.33000000,2025-08-29T18:29:20.661Z,0.01360000
ethusdt,4316.33000000,2025-08-29T18:29:20.661Z,0.01360000
ethusdt,4316.33000000,2025-08-29T18:29:20.661Z,0.01360000
ethusdt,4316.33000000,2025-08-29T18:29:20.696Z,0.00960000
ethusdt,4316.33000000,2025-08-29T18:29:20.696Z,0.00960000
ethusdt,4316.33000000,2025-08-29T18:29:20.696Z,0.00960000
ethusdt,4316.33000000,2025-08-29T18:29:20.696Z,0.00600000
ethusdt,4316.33000000,2025-08-29T18:29:20.696Z,0.00600000
ethusdt,4316.33000000,2025-08-29T18:29:20.696Z,0.00600000
ethusdt,4316.33000000,2025-08-29T18:29:20.696Z,0.00120000
ethusdt,4316.33000000,2025-08-29T18:29:20.696Z,0.00120000
ethusdt,4316.33000000,2025-08-29T18:29:20.696Z,0.00120000
ethusdt,4316.33000000,2025-08-29T18:29:20.696Z,0.11760000
ethusdt,4316.33000000,2025-08-29T18:29:20.696Z,0.11760000
ethusdt,4316.33000000,2025-08-29T18:29:20.696Z,0.11760000
ethusdt,4316.34000000,2025-08-29T18:29:20.698Z,0.11590000
ethusdt,4316.34000000,2025-08-29T18:29:20.698Z,0.11590000
ethusdt,4316.34000000,2025-08-29T18:29:20.698Z,0.11590000
ethusdt,4316.34000000,2025-08-29T18:29:20.698Z,0.00120000
ethusdt,4316.34000000,2025-08-29T18:29:20.698Z,0.00120000
ethusdt,4316.34000000,2025-08-29T18:29:20.698Z,0.00120000
ethusdt,4316.34000000,2025-08-29T18:29:20.698Z,0.00120000
ethusdt,4316.34000000,2025-08-29T18:29:20.698Z,0.00120000
ethusdt,4316.34000000,2025-08-29T18:29:20.698Z,0.00120000
ethusdt,4316.34000000,2025-08-29T18:29:20.698Z,0.00120000
ethusdt,4316.34000000,2025-08-29T18:29:20.698Z,0.00120000
ethusdt,4316.34000000,2025-08-29T18:29:20.698Z,0.00120000
ethusdt,4316.34000000,2025-08-29T18:29:20.698Z,0.00120000
ethusdt,4316.34000000,2025-08-29T18:29:20.698Z,0.00120000
ethusdt,4316.34000000,2025-08-29T18:29:20.698Z,0.00120000
ethusdt,4316.34000000,2025-08-29T18:29:20.698Z,0.00120000
ethusdt,4316.34000000,2025-08-29T18:29:20.698Z,0.00120000
ethusdt,4316.34000000,2025-08-29T18:29:20.698Z,0.00120000
ethusdt,4316.34000000,2025-08-29T18:29:20.698Z,0.00120000
ethusdt,4316.34000000,2025-08-29T18:29:20.698Z,0.00120000
ethusdt,4316.34000000,2025-08-29T18:29:20.698Z,0.00120000
ethusdt,4316.36000000,2025-08-29T18:29:20.699Z,0.01400000
ethusdt,4316.36000000,2025-08-29T18:29:20.699Z,0.01400000
ethusdt,4316.36000000,2025-08-29T18:29:20.699Z,0.01400000
ethusdt,4316.36000000,2025-08-29T18:29:20.699Z,0.00120000
ethusdt,4316.36000000,2025-08-29T18:29:20.699Z,0.00120000
ethusdt,4316.36000000,2025-08-29T18:29:20.699Z,0.00120000
ethusdt,4316.40000000,2025-08-29T18:29:20.699Z,0.00480000
ethusdt,4316.40000000,2025-08-29T18:29:20.699Z,0.00480000
ethusdt,4316.40000000,2025-08-29T18:29:20.699Z,0.00480000
ethusdt,4316.40000000,2025-08-29T18:29:20.699Z,0.00120000
ethusdt,4316.40000000,2025-08-29T18:29:20.699Z,0.00120000
ethusdt,4316.40000000,2025-08-29T18:29:20.699Z,0.00120000
ethusdt,4316.43000000,2025-08-29T18:29:20.699Z,0.00120000
ethusdt,4316.43000000,2025-08-29T18:29:20.699Z,0.00120000
ethusdt,4316.43000000,2025-08-29T18:29:20.699Z,0.00120000
ethusdt,4316.43000000,2025-08-29T18:29:20.699Z,0.00120000
ethusdt,4316.43000000,2025-08-29T18:29:20.699Z,0.00120000
ethusdt,4316.43000000,2025-08-29T18:29:20.699Z,0.00120000
ethusdt,4316.48000000,2025-08-29T18:29:20.699Z,0.00120000
ethusdt,4316.48000000,2025-08-29T18:29:20.699Z,0.00120000
ethusdt,4316.48000000,2025-08-29T18:29:20.699Z,0.00120000
ethusdt,4316.50000000,2025-08-29T18:29:20.716Z,0.04630000
ethusdt,4316.50000000,2025-08-29T18:29:20.716Z,0.04630000
ethusdt,4316.50000000,2025-08-29T18:29:20.716Z,0.04630000
ethusdt,4316.50000000,2025-08-29T18:29:20.716Z,0.00120000
ethusdt,4316.50000000,2025-08-29T18:29:20.716Z,0.00120000
ethusdt,4316.50000000,2025-08-29T18:29:20.716Z,0.00120000
ethusdt,4316.50000000,2025-08-29T18:29:20.716Z,0.00600000
ethusdt,4316.50000000,2025-08-29T18:29:20.716Z,0.00600000
ethusdt,4316.50000000,2025-08-29T18:29:20.716Z,0.00600000
ethusdt,4316.50000000,2025-08-29T18:29:20.716Z,0.00120000
ethusdt,4316.50000000,2025-08-29T18:29:20.716Z,0.00120000
ethusdt,4316.50000000,2025-08-29T18:29:20.716Z,0.00120000
ethusdt,4316.50000000,2025-08-29T18:29:20.716Z,0.00120000
ethusdt,4316.50000000,2025-08-29T18:29:20.716Z,0.00120000
ethusdt,4316.50000000,2025-08-29T18:29:20.716Z,0.00120000
ethusdt,4316.50000000,2025-08-29T18:29:20.716Z,0.00120000
ethusdt,4316.50000000,2025-08-29T18:29:20.716Z,0.00120000
ethusdt,4316.50000000,2025-08-29T18:29:20.716Z,0.00120000
ethusdt,4316.50000000,2025-08-29T18:29:20.716Z,0.00120000
ethusdt,4316.50000000,2025-08-29T18:29:20.716Z,0.00120000
ethusdt,4316.50000000,2025-08-29T18:29:20.716Z,0.00120000
ethusdt,4316.50000000,2025-08-29T18:29:20.716Z,0.00120000
ethusdt,4316.50000000,2025-08-29T18:29:20.716Z,0.00120000
ethusdt,4316.50000000,2025-08-29T18:29:20.716Z,0.00120000
ethusdt,4316.50000000,2025-08-29T18:29:20.716Z,0.00380000
ethusdt,4316.50000000,2025-08-29T18:29:20.716Z,0.00380000
ethusdt,4316.50000000,2025-08-29T18:29:20.716Z,0.00380000
ethusdt,4316.51000000,2025-08-29T18:29:20.716Z,0.02320000
ethusdt,4316.51000000,2025-08-29T18:29:20.716Z,0.02320000
ethusdt,4316.51000000,2025-08-29T18:29:20.716Z,0.02320000
ethusdt,4316.51000000,2025-08-29T18:29:20.716Z,0.00120000
ethusdt,4316.51000000,2025-08-29T18:29:20.716Z,0.00120000
ethusdt,4316.51000000,2025-08-29T18:29:20.716Z,0.00120000
ethusdt,4316.51000000,2025-08-29T18:29:20.716Z,0.00120000
ethusdt,4316.51000000,2025-08-29T18:29:20.716Z,0.00120000
ethusdt,4316.51000000,2025-08-29T18:29:20.716Z,0.00120000
ethusdt,4316.51000000,2025-08-29T18:29:20.716Z,0.00120000
ethusdt,4316.51000000,2025-08-29T18:29:20.716Z,0.00120000
ethusdt,4316.51000000,2025-08-29T18:29:20.716Z,0.00120000
ethusdt,4316.51000000,2025-08-29T18:29:20.716Z,0.00120000
ethusdt,4316.51000000,2025-08-29T18:29:20.716Z,0.00120000
ethusdt,4316.51000000,2025-08-29T18:29:20.716Z,0.00120000
ethusdt,4316.51000000,2025-08-29T18:29:20.716Z,0.00120000
ethusdt,4316.51000000,2025-08-29T18:29:20.716Z,0.00120000
ethusdt,4316.51000000,2025-08-29T18:29:20.716Z,0.00120000
ethusdt,4316.51000000,2025-08-29T18:29:20.716Z,0.00120000
ethusdt,4316.51000000,2025-08-29T18:29:20.716Z,0.00120000
ethusdt,4316.51000000,2025-08-29T18:29:20.716Z,0.00120000
ethusdt,4316.51000000,2025-08-29T18:29:20.716Z,0.00120000
ethusdt,4316.51000000,2025-08-29T18:29:20.716Z,0.00120000
ethusdt,4316.51000000,2025-08-29T18:29:20.716Z,0.00120000
ethusdt,4316.54000000,2025-08-29T18:29:20.716Z,0.06840000
ethusdt,4316.54000000,2025-08-29T18:29:20.716Z,0.06840000
ethusdt,4316.54000000,2025-08-29T18:29:20.716Z,0.06840000
ethusdt,4316.54000000,2025-08-29T18:29:20.716Z,0.00120000
ethusdt,4316.54000000,2025-08-29T18:29:20.716Z,0.00120000
ethusdt,4316.54000000,2025-08-29T18:29:20.716Z,0.00120000
ethusdt,4316.55000000,2025-08-29T18:29:20.716Z,0.04640000
ethusdt,4316.55000000,2025-08-29T18:29:20.716Z,0.04640000
ethusdt,4316.55000000,2025-08-29T18:29:20.716Z,0.04640000
ethusdt,4316.55000000,2025-08-29T18:29:20.716Z,0.00240000
ethusdt,4316.55000000,2025-08-29T18:29:20.716Z,0.00240000
ethusdt,4316.55000000,2025-08-29T18:29:20.716Z,0.00240000
ethusdt,4316.55000000,2025-08-29T18:29:20.716Z,0.00120000
ethusdt,4316.55000000,2025-08-29T18:29:20.716Z,0.00120000
ethusdt,4316.55000000,2025-08-29T18:29:20.716Z,0.00120000
ethusdt,4316.55000000,2025-08-29T18:29:20.716Z,0.01160000
ethusdt,4316.55000000,2025-08-29T18:29:20.716Z,0.01160000
ethusdt,4316.55000000,2025-08-29T18:29:20.716Z,0.01160000
ethusdt,4316.56000000,2025-08-29T18:29:20.716Z,0.00120000
ethusdt,4316.56000000,2025-08-29T18:29:20.716Z,0.00120000
ethusdt,4316.56000000,2025-08-29T18:29:20.716Z,0.00120000
ethusdt,4316.57000000,2025-08-29T18:29:20.824Z,0.06960000
ethusdt,4316.57000000,2025-08-29T18:29:20.824Z,0.06960000
ethusdt,4316.57000000,2025-08-29T18:29:20.824Z,0.06960000
ethusdt,4316.57000000,2025-08-29T18:29:20.824Z,0.06960000
ethusdt,4316.57000000,2025-08-29T18:29:20.824Z,0.06960000
ethusdt,4316.57000000,2025-08-29T18:29:20.824Z,0.06960000
ethusdt,4316.57000000,2025-08-29T18:29:20.824Z,0.82950000
ethusdt,4316.57000000,2025-08-29T18:29:20.824Z,0.82950000
ethusdt,4316.57000000,2025-08-29T18:29:20.824Z,0.82950000
ethusdt,4316.57000000,2025-08-29T18:29:20.824Z,0.00120000
ethusdt,4316.57000000,2025-08-29T18:29:20.824Z,0.00120000
ethusdt,4316.57000000,2025-08-29T18:29:20.824Z,0.00120000
ethusdt,4316.57000000,2025-08-29T18:29:20.824Z,0.00120000
ethusdt,4316.57000000,2025-08-29T18:29:20.824Z,0.00120000
ethusdt,4316.57000000,2025-08-29T18:29:20.824Z,0.00120000
ethusdt,4316.57000000,2025-08-29T18:29:20.824Z,0.00120000
ethusdt,4316.57000000,2025-08-29T18:29:20.824Z,0.00120000
ethusdt,4316.57000000,2025-08-29T18:29:20.824Z,0.00120000
ethusdt,4316.57000000,2025-08-29T18:29:20.824Z,0.00120000
ethusdt,4316.57000000,2025-08-29T18:29:20.824Z,0.00120000
ethusdt,4316.57000000,2025-08-29T18:29:20.824Z,0.00120000
ethusdt,4316.57000000,2025-08-29T18:29:20.824Z,0.00120000
ethusdt,4316.57000000,2025-08-29T18:29:20.824Z,0.00120000
ethusdt,4316.57000000,2025-08-29T18:29:20.824Z,0.00120000
ethusdt,4316.57000000,2025-08-29T18:29:20.824Z,0.00120000
ethusdt,4316.57000000,2025-08-29T18:29:20.824Z,0.00120000
ethusdt,4316.57000000,2025-08-29T18:29:20.824Z,0.00120000
ethusdt,4316.57000000,2025-08-29T18:29:20.824Z,0.00120000
ethusdt,4316.57000000,2025-08-29T18:29:20.824Z,0.00120000
ethusdt,4316.57000000,2025-08-29T18:29:20.824Z,0.00120000
ethusdt,4316.57000000,2025-08-29T18:29:20.824Z,0.00120000
ethusdt,4316.57000000,2025-08-29T18:29:20.824Z,0.00120000
ethusdt,4316.57000000,2025-08-29T18:29:20.824Z,0.00120000
ethusdt,4316.57000000,2025-08-29T18:29:20.824Z,0.00120000
ethusdt,4316.57000000,2025-08-29T18:29:20.824Z,0.00120000
ethusdt,4316.57000000,2025-08-29T18:29:20.824Z,0.00120000
ethusdt,4316.57000000,2025-08-29T18:29:20.824Z,0.09070000
ethusdt,4316.57000000,2025-08-29T18:29:20.824Z,0.09070000
ethusdt,4316.57000000,2025-08-29T18:29:20.824Z,0.09070000
ethusdt,4316.57000000,2025-08-29T18:29:20.824Z,0.00120000
ethusdt,4316.57000000,2025-08-29T18:29:20.824Z,0.00120000
ethusdt,4316.57000000,2025-08-29T18:29:20.824Z,0.00120000
ethusdt,4316.57000000,2025-08-29T18:29:20.824Z,0.00120000
ethusdt,4316.57000000,2025-08-29T18:29:20.824Z,0.00120000
ethusdt,4316.57000000,2025-08-29T18:29:20.824Z,0.00120000
ethusdt,4316.57000000,2025-08-29T18:29:20.824Z,0.00600000
ethusdt,4316.57000000,2025-08-29T18:29:20.824Z,0.00600000
ethusdt,4316.57000000,2025-08-29T18:29:20.824Z,0.00600000
ethusdt,4316.58000000,2025-08-29T18:29:20.824Z,0.00120000
ethusdt,4316.58000000,2025-08-29T18:29:20.824Z,0.00120000
ethusdt,4316.58000000,2025-08-29T18:29:20.824Z,0.00120000
ethusdt,4316.58000000,2025-08-29T18:29:20.824Z,0.00120000
ethusdt,4316.58000000,2025-08-29T18:29:20.824Z,0.00120000
ethusdt,4316.58000000,2025-08-29T18:29:20.824Z,0.00120000
ethusdt,4316.58000000,2025-08-29T18:29:20.824Z,0.00120000
ethusdt,4316.58000000,2025-08-29T18:29:20.824Z,0.00120000
ethusdt,4316.58000000,2025-08-29T18:29:20.824Z,0.00120000
ethusdt,4316.58000000,2025-08-29T18:29:20.824Z,0.00120000
ethusdt,4316.58000000,2025-08-29T18:29:20.824Z,0.00120000
ethusdt,4316.58000000,2025-08-29T18:29:20.824Z,0.00120000
ethusdt,4316.58000000,2025-08-29T18:29:20.824Z,0.00120000
ethusdt,4316.58000000,2025-08-29T18:29:20.824Z,0.00120000
ethusdt,4316.58000000,2025-08-29T18:29:20.824Z,0.00120000
ethusdt,4316.58000000,2025-08-29T18:29:20.824Z,0.00120000
ethusdt,4316.58000000,2025-08-29T18:29:20.824Z,0.00120000
ethusdt,4316.58000000,2025-08-29T18:29:20.824Z,0.00120000
ethusdt,4316.59000000,2025-08-29T18:29:20.824Z,0.03480000
ethusdt,4316.59000000,2025-08-29T18:29:20.824Z,0.03480000
ethusdt,4316.59000000,2025-08-29T18:29:20.824Z,0.03480000
ethusdt,4316.59000000,2025-08-29T18:29:20.824Z,0.00120000
ethusdt,4316.59000000,2025-08-29T18:29:20.824Z,0.00120000
ethusdt,4316.59000000,2025-08-29T18:29:20.824Z,0.00120000
ethusdt,4316.60000000,2025-08-29T18:29:20.824Z,0.00120000
ethusdt,4316.60000000,2025-08-29T18:29:20.824Z,0.00120000
ethusdt,4316.60000000,2025-08-29T18:29:20.824Z,0.00120000
ethusdt,4316.61000000,2025-08-29T18:29:20.824Z,0.00120000
ethusdt,4316.61000000,2025-08-29T18:29:20.824Z,0.00120000
ethusdt,4316.61000000,2025-08-29T18:29:20.824Z,0.00120000
ethusdt,4316.63000000,2025-08-29T18:29:20.824Z,0.00120000
ethusdt,4316.63000000,2025-08-29T18:29:20.824Z,0.00120000
ethusdt,4316.63000000,2025-08-29T18:29:20.824Z,0.00120000
ethusdt,4316.65000000,2025-08-29T18:29:20.826Z,0.00120000
ethusdt,4316.65000000,2025-08-29T18:29:20.826Z,0.00120000
ethusdt,4316.65000000,2025-08-29T18:29:20.826Z,0.00120000
ethusdt,4316.66000000,2025-08-29T18:29:20.826Z,0.00120000
ethusdt,4316.66000000,2025-08-29T18:29:20.826Z,0.00120000
ethusdt,4316.66000000,2025-08-29T18:29:20.826Z,0.00120000
ethusdt,4316.67000000,2025-08-29T18:29:20.827Z,0.11590000
ethusdt,4316.67000000,2025-08-29T18:29:20.827Z,0.11590000
ethusdt,4316.67000000,2025-08-29T18:29:20.827Z,0.11590000
ethusdt,4316.67000000,2025-08-29T18:29:20.827Z,0.00240000
ethusdt,4316.67000000,2025-08-29T18:29:20.827Z,0.00240000
ethusdt,4316.67000000,2025-08-29T18:29:20.827Z,0.00240000
ethusdt,4316.67000000,2025-08-29T18:29:20.827Z,0.00120000
ethusdt,4316.67000000,2025-08-29T18:29:20.827Z,0.00120000
ethusdt,4316.67000000,2025-08-29T18:29:20.827Z,0.00120000
ethusdt,4316.68000000,2025-08-29T18:29:20.827Z,0.00120000
ethusdt,4316.68000000,2025-08-29T18:29:20.827Z,0.00120000
ethusdt,4316.68000000,2025-08-29T18:29:20.827Z,0.00120000
ethusdt,4316.74000000,2025-08-29T18:29:20.916Z,0.06290000
ethusdt,4316.74000000,2025-08-29T18:29:20.916Z,0.06290000
ethusdt,4316.74000000,2025-08-29T18:29:20.916Z,0.06290000
ethusdt,4316.74000000,2025-08-29T18:29:20.916Z,0.00600000
ethusdt,4316.74000000,2025-08-29T18:29:20.916Z,0.00600000
ethusdt,4316.74000000,2025-08-29T18:29:20.916Z,0.00600000
ethusdt,4316.74000000,2025-08-29T18:29:20.916Z,0.00120000
ethusdt,4316.74000000,2025-08-29T18:29:20.916Z,0.00120000
ethusdt,4316.74000000,2025-08-29T18:29:20.916Z,0.00120000
ethusdt,4316.74000000,2025-08-29T18:29:20.916Z,0.00120000
ethusdt,4316.74000000,2025-08-29T18:29:20.916Z,0.00120000
ethusdt,4316.74000000,2025-08-29T18:29:20.916Z,0.00120000
ethusdt,4316.74000000,2025-08-29T18:29:20.916Z,0.00120000
ethusdt,4316.74000000,2025-08-29T18:29:20.916Z,0.00120000
ethusdt,4316.74000000,2025-08-29T18:29:20.916Z,0.00120000
ethusdt,4316.74000000,2025-08-29T18:29:20.916Z,0.00120000
ethusdt,4316.74000000,2025-08-29T18:29:20.916Z,0.00120000
ethusdt,4316.74000000,2025-08-29T18:29:20.916Z,0.00120000
ethusdt,4316.74000000,2025-08-29T18:29:20.916Z,0.00120000
ethusdt,4316.74000000,2025-08-29T18:29:20.916Z,0.00120000
ethusdt,4316.74000000,2025-08-29T18:29:20.916Z,0.00120000
ethusdt,4316.74000000,2025-08-29T18:29:20.916Z,0.00120000
ethusdt,4316.74000000,2025-08-29T18:29:20.916Z,0.00120000
ethusdt,4316.74000000,2025-08-29T18:29:20.916Z,0.00120000
ethusdt,4316.74000000,2025-08-29T18:29:20.916Z,0.00790000
ethusdt,4316.74000000,2025-08-29T18:29:20.916Z,0.00790000
ethusdt,4316.74000000,2025-08-29T18:29:20.916Z,0.00790000
ethusdt,4316.74000000,2025-08-29T18:29:20.916Z,0.00120000
ethusdt,4316.74000000,2025-08-29T18:29:20.916Z,0.00120000
ethusdt,4316.74000000,2025-08-29T18:29:20.916Z,0.00120000
ethusdt,4316.75000000,2025-08-29T18:29:20.916Z,0.02320000
ethusdt,4316.75000000,2025-08-29T18:29:20.916Z,0.02320000
ethusdt,4316.75000000,2025-08-29T18:29:20.916Z,0.02320000
ethusdt,4316.75000000,2025-08-29T18:29:20.916Z,0.00120000
ethusdt,4316.75000000,2025-08-29T18:29:20.916Z,0.00120000
ethusdt,4316.75000000,2025-08-29T18:29:20.916Z,0.00120000
ethusdt,4316.75000000,2025-08-29T18:29:20.916Z,0.00120000
ethusdt,4316.75000000,2025-08-29T18:29:20.916Z,0.00120000
ethusdt,4316.75000000,2025-08-29T18:29:20.916Z,0.00120000
ethusdt,4316.75000000,2025-08-29T18:29:20.916Z,0.00120000
ethusdt,4316.75000000,2025-08-29T18:29:20.916Z,0.00120000
ethusdt,4316.75000000,2025-08-29T18:29:20.916Z,0.00120000
ethusdt,4316.75000000,2025-08-29T18:29:20.916Z,0.00120000
ethusdt,4316.75000000,2025-08-29T18:29:20.916Z,0.00120000
ethusdt,4316.75000000,2025-08-29T18:29:20.916Z,0.00120000
ethusdt,4316.75000000,2025-08-29T18:29:20.916Z,0.00120000
ethusdt,4316.75000000,2025-08-29T18:29:20.916Z,0.00120000
ethusdt,4316.75000000,2025-08-29T18:29:20.916Z,0.00120000
ethusdt,4316.75000000,2025-08-29T18:29:20.916Z,0.00120000
ethusdt,4316.75000000,2025-08-29T18:29:20.916Z,0.00120000
ethusdt,4316.75000000,2025-08-29T18:29:20.916Z,0.00120000
ethusdt,4316.75000000,2025-08-29T18:29:20.916Z,0.00120000
ethusdt,4316.75000000,2025-08-29T18:29:20.916Z,0.00120000
ethusdt,4316.75000000,2025-08-29T18:29:20.916Z,0.00120000
ethusdt,4316.75000000,2025-08-29T18:29:20.916Z,0.00120000
ethusdt,4316.75000000,2025-08-29T18:29:20.916Z,0.00120000
ethusdt,4316.75000000,2025-08-29T18:29:20.916Z,0.00120000
ethusdt,4316.76000000,2025-08-29T18:29:20.916Z,0.00200000
ethusdt,4316.76000000,2025-08-29T18:29:20.916Z,0.00200000
ethusdt,4316.76000000,2025-08-29T18:29:20.916Z,0.00200000
ethusdt,4316.76000000,2025-08-29T18:29:20.916Z,0.00120000
ethusdt,4316.76000000,2025-08-29T18:29:20.916Z,0.00120000
ethusdt,4316.76000000,2025-08-29T18:29:20.916Z,0.00120000
ethusdt,4316.77000000,2025-08-29T18:29:20.916Z,0.00240000
ethusdt,4316.77000000,2025-08-29T18:29:20.916Z,0.00240000
ethusdt,4316.77000000,2025-08-29T18:29:20.916Z,0.00240000
ethusdt,4316.77000000,2025-08-29T18:29:20.916Z,0.00120000
ethusdt,4316.77000000,2025-08-29T18:29:20.916Z,0.00120000
ethusdt,4316.77000000,2025-08-29T18:29:20.916Z,0.00120000
ethusdt,4316.78000000,2025-08-29T18:29:20.916Z,0.11590000
ethusdt,4316.78000000,2025-08-29T18:29:20.916Z,0.11590000
ethusdt,4316.78000000,2025-08-29T18:29:20.916Z,0.11590000
ethusdt,4316.78000000,2025-08-29T18:29:20.916Z,0.00220000
ethusdt,4316.78000000,2025-08-29T18:29:20.916Z,0.00220000
ethusdt,4316.78000000,2025-08-29T18:29:20.916Z,0.00220000
ethusdt,4316.78000000,2025-08-29T18:29:20.916Z,0.00120000
ethusdt,4316.78000000,2025-08-29T18:29:20.916Z,0.00120000
ethusdt,4316.78000000,2025-08-29T18:29:20.916Z,0.00120000
ethusdt,4316.79000000,2025-08-29T18:29:20.916Z,0.01400000
ethusdt,4316.79000000,2025-08-29T18:29:20.916Z,0.01400000
ethusdt,4316.79000000,2025-08-29T18:29:20.916Z,0.01400000
ethusdt,4316.79000000,2025-08-29T18:29:20.916Z,0.00120000
ethusdt,4316.79000000,2025-08-29T18:29:20.916Z,0.00120000
ethusdt,4316.79000000,2025-08-29T18:29:20.916Z,0.00120000
ethusdt,4316.79000000,2025-08-29T18:29:20.916Z,0.00120000
ethusdt,4316.79000000,2025-08-29T18:29:20.916Z,0.00120000
ethusdt,4316.79000000,2025-08-29T18:29:20.916Z,0.00120000
ethusdt,4316.79000000,2025-08-29T18:29:20.916Z,0.00120000
ethusdt,4316.79000000,2025-08-29T18:29:20.916Z,0.00120000
ethusdt,4316.79000000,2025-08-29T18:29:20.916Z,0.00120000
ethusdt,4316.79000000,2025-08-29T18:29:20.920Z,0.08800000
ethusdt,4316.79000000,2025-08-29T18:29:20.920Z,0.08800000
ethusdt,4316.79000000,2025-08-29T18:29:20.920Z,0.08800000
ethusdt,4316.79000000,2025-08-29T18:29:21.533Z,0.02080000
ethusdt,4316.79000000,2025-08-29T18:29:21.533Z,0.02080000
ethusdt,4316.79000000,2025-08-29T18:29:21.533Z,0.02080000
ethusdt,4316.79000000,2025-08-29T18:29:21.757Z,0.24040000
ethusdt,4316.79000000,2025-08-29T18:29:21.757Z,0.24040000
ethusdt,4316.79000000,2025-08-29T18:29:21.757Z,0.24040000
ethusdt,4316.80000000,2025-08-29T18:29:22.114Z,0.00220000
ethusdt,4316.80000000,2025-08-29T18:29:22.114Z,0.00220000
ethusdt,4316.80000000,2025-08-29T18:29:22.114Z,0.00220000
ethusdt,4316.79000000,2025-08-29T18:29:22.488Z,0.03630000
