symbol,price,timeStamp,quantity
solusdt,201.43000000,2025-08-29T18:28:58.970Z,0.02600000
solusdt,201.43000000,2025-08-29T18:28:58.970Z,0.02600000
solusdt,201.43000000,2025-08-29T18:28:58.970Z,0.02600000
solusdt,201.43000000,2025-08-29T18:28:58.970Z,0.02600000
solusdt,201.43000000,2025-08-29T18:28:58.970Z,0.02600000
solusdt,201.43000000,2025-08-29T18:28:58.970Z,0.02600000
solusdt,201.43000000,2025-08-29T18:28:58.970Z,0.02600000
solusdt,201.43000000,2025-08-29T18:28:58.970Z,0.02600000
solusdt,201.43000000,2025-08-29T18:28:58.970Z,0.02600000
solusdt,201.44000000,2025-08-29T18:28:59.328Z,0.02600000
solusdt,201.44000000,2025-08-29T18:28:59.328Z,0.02600000
solusdt,201.44000000,2025-08-29T18:28:59.328Z,0.02600000
solusdt,201.44000000,2025-08-29T18:28:59.328Z,0.02500000
solusdt,201.44000000,2025-08-29T18:28:59.328Z,0.02500000
solusdt,201.44000000,2025-08-29T18:28:59.328Z,0.02500000
solusdt,201.44000000,2025-08-29T18:28:59.328Z,0.02600000
solusdt,201.44000000,2025-08-29T18:28:59.328Z,0.02600000
solusdt,201.44000000,2025-08-29T18:28:59.328Z,0.02600000
solusdt,201.44000000,2025-08-29T18:28:59.328Z,0.02600000
solusdt,201.44000000,2025-08-29T18:28:59.328Z,0.02600000
solusdt,201.44000000,2025-08-29T18:28:59.328Z,0.02600000
solusdt,201.44000000,2025-08-29T18:28:59.328Z,0.50000000
solusdt,201.44000000,2025-08-29T18:28:59.328Z,0.50000000
solusdt,201.44000000,2025-08-29T18:28:59.328Z,0.50000000
solusdt,201.44000000,2025-08-29T18:28:59.328Z,0.02700000
solusdt,201.44000000,2025-08-29T18:28:59.328Z,0.02700000
solusdt,201.44000000,2025-08-29T18:28:59.328Z,0.02700000
solusdt,201.44000000,2025-08-29T18:28:59.328Z,0.02600000
solusdt,201.44000000,2025-08-29T18:28:59.328Z,0.02600000
solusdt,201.44000000,2025-08-29T18:28:59.328Z,0.02600000
solusdt,201.44000000,2025-08-29T18:28:59.328Z,0.02600000
solusdt,201.44000000,2025-08-29T18:28:59.328Z,0.02600000
solusdt,201.44000000,2025-08-29T18:28:59.328Z,0.02600000
solusdt,201.44000000,2025-08-29T18:28:59.328Z,0.02600000
solusdt,201.44000000,2025-08-29T18:28:59.328Z,0.02600000
solusdt,201.44000000,2025-08-29T18:28:59.328Z,0.02600000
solusdt,201.44000000,2025-08-29T18:28:59.328Z,0.02600000
solusdt,201.44000000,2025-08-29T18:28:59.328Z,0.02600000
solusdt,201.44000000,2025-08-29T18:28:59.328Z,0.02600000
solusdt,201.44000000,2025-08-29T18:28:59.328Z,0.02600000
solusdt,201.44000000,2025-08-29T18:28:59.328Z,0.02600000
solusdt,201.44000000,2025-08-29T18:28:59.328Z,0.02600000
solusdt,201.44000000,2025-08-29T18:28:59.328Z,0.02600000
solusdt,201.44000000,2025-08-29T18:28:59.328Z,0.02600000
solusdt,201.44000000,2025-08-29T18:28:59.328Z,0.02600000
solusdt,201.44000000,2025-08-29T18:28:59.328Z,0.02600000
solusdt,201.44000000,2025-08-29T18:28:59.328Z,0.02600000
solusdt,201.44000000,2025-08-29T18:28:59.328Z,0.02600000
solusdt,201.44000000,2025-08-29T18:28:59.328Z,0.02600000
solusdt,201.44000000,2025-08-29T18:28:59.328Z,0.02600000
solusdt,201.44000000,2025-08-29T18:28:59.328Z,0.02600000
solusdt,201.44000000,2025-08-29T18:28:59.328Z,0.02600000
solusdt,201.44000000,2025-08-29T18:28:59.328Z,0.02600000
solusdt,201.44000000,2025-08-29T18:28:59.328Z,0.02600000
solusdt,201.44000000,2025-08-29T18:28:59.328Z,49.63800000
solusdt,201.44000000,2025-08-29T18:28:59.328Z,49.63800000
solusdt,201.44000000,2025-08-29T18:28:59.328Z,49.63800000
solusdt,201.44000000,2025-08-29T18:28:59.328Z,21.24300000
solusdt,201.44000000,2025-08-29T18:28:59.328Z,21.24300000
solusdt,201.44000000,2025-08-29T18:28:59.328Z,21.24300000
solusdt,201.44000000,2025-08-29T18:28:59.328Z,0.02600000
solusdt,201.44000000,2025-08-29T18:28:59.328Z,0.02600000
solusdt,201.44000000,2025-08-29T18:28:59.328Z,0.02600000
solusdt,201.44000000,2025-08-29T18:28:59.328Z,0.02600000
solusdt,201.44000000,2025-08-29T18:28:59.328Z,0.02600000
solusdt,201.44000000,2025-08-29T18:28:59.328Z,0.02600000
solusdt,201.45000000,2025-08-29T18:28:59.368Z,0.02500000
solusdt,201.45000000,2025-08-29T18:28:59.368Z,0.02500000
solusdt,201.45000000,2025-08-29T18:28:59.368Z,0.02500000
solusdt,201.45000000,2025-08-29T18:28:59.368Z,0.02500000
solusdt,201.45000000,2025-08-29T18:28:59.368Z,0.02500000
solusdt,201.45000000,2025-08-29T18:28:59.368Z,0.02500000
solusdt,201.45000000,2025-08-29T18:28:59.368Z,0.02600000
solusdt,201.45000000,2025-08-29T18:28:59.368Z,0.02600000
solusdt,201.45000000,2025-08-29T18:28:59.368Z,0.02600000
solusdt,201.45000000,2025-08-29T18:28:59.368Z,0.02600000
solusdt,201.45000000,2025-08-29T18:28:59.368Z,0.02600000
solusdt,201.45000000,2025-08-29T18:28:59.368Z,0.02600000
solusdt,201.45000000,2025-08-29T18:28:59.368Z,0.02600000
solusdt,201.45000000,2025-08-29T18:28:59.368Z,0.02600000
solusdt,201.45000000,2025-08-29T18:28:59.368Z,0.02600000
solusdt,201.45000000,2025-08-29T18:28:59.368Z,0.02700000
solusdt,201.45000000,2025-08-29T18:28:59.368Z,0.02700000
solusdt,201.45000000,2025-08-29T18:28:59.368Z,0.02700000
solusdt,201.45000000,2025-08-29T18:28:59.368Z,0.02600000
solusdt,201.45000000,2025-08-29T18:28:59.368Z,0.02600000
solusdt,201.45000000,2025-08-29T18:28:59.368Z,0.02600000
solusdt,201.45000000,2025-08-29T18:28:59.368Z,0.02600000
solusdt,201.45000000,2025-08-29T18:28:59.368Z,0.02600000
solusdt,201.45000000,2025-08-29T18:28:59.368Z,0.02600000
solusdt,201.45000000,2025-08-29T18:28:59.368Z,0.02600000
solusdt,201.45000000,2025-08-29T18:28:59.368Z,0.02600000
solusdt,201.45000000,2025-08-29T18:28:59.368Z,0.02600000
solusdt,201.45000000,2025-08-29T18:28:59.368Z,0.02600000
solusdt,201.45000000,2025-08-29T18:28:59.368Z,0.02600000
solusdt,201.45000000,2025-08-29T18:28:59.368Z,0.02600000
solusdt,201.45000000,2025-08-29T18:28:59.368Z,0.02600000
solusdt,201.45000000,2025-08-29T18:28:59.368Z,0.02600000
solusdt,201.45000000,2025-08-29T18:28:59.368Z,0.02600000
solusdt,201.45000000,2025-08-29T18:28:59.368Z,0.02600000
solusdt,201.45000000,2025-08-29T18:28:59.368Z,0.02600000
solusdt,201.45000000,2025-08-29T18:28:59.368Z,0.02600000
solusdt,201.45000000,2025-08-29T18:28:59.368Z,0.02600000
solusdt,201.45000000,2025-08-29T18:28:59.368Z,0.02600000
solusdt,201.45000000,2025-08-29T18:28:59.368Z,0.02600000
solusdt,201.45000000,2025-08-29T18:28:59.368Z,0.02600000
solusdt,201.45000000,2025-08-29T18:28:59.368Z,0.02600000
solusdt,201.45000000,2025-08-29T18:28:59.368Z,0.02600000
solusdt,201.45000000,2025-08-29T18:28:59.368Z,0.02600000
solusdt,201.45000000,2025-08-29T18:28:59.368Z,0.02600000
solusdt,201.45000000,2025-08-29T18:28:59.368Z,0.02600000
solusdt,201.45000000,2025-08-29T18:28:59.368Z,0.02600000
solusdt,201.45000000,2025-08-29T18:28:59.368Z,0.02600000
solusdt,201.45000000,2025-08-29T18:28:59.368Z,0.02600000
solusdt,201.45000000,2025-08-29T18:28:59.368Z,0.02600000
solusdt,201.45000000,2025-08-29T18:28:59.368Z,0.02600000
solusdt,201.45000000,2025-08-29T18:28:59.368Z,0.02600000
solusdt,201.45000000,2025-08-29T18:28:59.368Z,0.02600000
solusdt,201.45000000,2025-08-29T18:28:59.368Z,0.02600000
solusdt,201.45000000,2025-08-29T18:28:59.368Z,0.02600000
solusdt,201.46000000,2025-08-29T18:28:59.369Z,0.02500000
solusdt,201.46000000,2025-08-29T18:28:59.369Z,0.02500000
solusdt,201.46000000,2025-08-29T18:28:59.369Z,0.02500000
solusdt,201.46000000,2025-08-29T18:28:59.369Z,0.03800000
solusdt,201.46000000,2025-08-29T18:28:59.369Z,0.03800000
solusdt,201.46000000,2025-08-29T18:28:59.369Z,0.03800000
solusdt,201.46000000,2025-08-29T18:28:59.369Z,0.40000000
solusdt,201.46000000,2025-08-29T18:28:59.369Z,0.40000000
solusdt,201.46000000,2025-08-29T18:28:59.369Z,0.40000000
solusdt,201.46000000,2025-08-29T18:28:59.369Z,0.02600000
solusdt,201.46000000,2025-08-29T18:28:59.369Z,0.02600000
solusdt,201.46000000,2025-08-29T18:28:59.369Z,0.02600000
solusdt,201.46000000,2025-08-29T18:28:59.369Z,0.02600000
solusdt,201.46000000,2025-08-29T18:28:59.369Z,0.02600000
solusdt,201.46000000,2025-08-29T18:28:59.369Z,0.02600000
solusdt,201.46000000,2025-08-29T18:28:59.369Z,0.02600000
solusdt,201.46000000,2025-08-29T18:28:59.369Z,0.02600000
solusdt,201.46000000,2025-08-29T18:28:59.369Z,0.02600000
solusdt,201.46000000,2025-08-29T18:28:59.369Z,0.02700000
solusdt,201.46000000,2025-08-29T18:28:59.369Z,0.02700000
solusdt,201.46000000,2025-08-29T18:28:59.369Z,0.02700000
solusdt,201.46000000,2025-08-29T18:28:59.369Z,0.02600000
solusdt,201.46000000,2025-08-29T18:28:59.369Z,0.02600000
solusdt,201.46000000,2025-08-29T18:28:59.369Z,0.02600000
solusdt,201.46000000,2025-08-29T18:28:59.369Z,0.02600000
solusdt,201.46000000,2025-08-29T18:28:59.369Z,0.02600000
solusdt,201.46000000,2025-08-29T18:28:59.369Z,0.02600000
solusdt,201.46000000,2025-08-29T18:28:59.369Z,0.02600000
solusdt,201.46000000,2025-08-29T18:28:59.369Z,0.02600000
solusdt,201.46000000,2025-08-29T18:28:59.369Z,0.02600000
solusdt,201.47000000,2025-08-29T18:28:59.377Z,0.02500000
solusdt,201.47000000,2025-08-29T18:28:59.377Z,0.02500000
solusdt,201.47000000,2025-08-29T18:28:59.377Z,0.02500000
solusdt,201.47000000,2025-08-29T18:28:59.377Z,0.17100000
solusdt,201.47000000,2025-08-29T18:28:59.377Z,0.17100000
solusdt,201.47000000,2025-08-29T18:28:59.377Z,0.17100000
solusdt,201.47000000,2025-08-29T18:28:59.377Z,0.05200000
solusdt,201.47000000,2025-08-29T18:28:59.377Z,0.05200000
solusdt,201.47000000,2025-08-29T18:28:59.377Z,0.05200000
solusdt,201.47000000,2025-08-29T18:28:59.387Z,0.24900000
solusdt,201.47000000,2025-08-29T18:28:59.387Z,0.24900000
solusdt,201.47000000,2025-08-29T18:28:59.387Z,0.24900000
solusdt,201.47000000,2025-08-29T18:29:00.070Z,9.52800000
solusdt,201.47000000,2025-08-29T18:29:00.070Z,9.52800000
solusdt,201.47000000,2025-08-29T18:29:00.070Z,9.52800000
solusdt,201.47000000,2025-08-29T18:29:00.070Z,0.05000000
solusdt,201.47000000,2025-08-29T18:29:00.070Z,0.05000000
solusdt,201.47000000,2025-08-29T18:29:00.070Z,0.05000000
solusdt,201.47000000,2025-08-29T18:29:00.070Z,2.97800000
solusdt,201.47000000,2025-08-29T18:29:00.070Z,2.97800000
solusdt,201.47000000,2025-08-29T18:29:00.070Z,2.97800000
solusdt,201.47000000,2025-08-29T18:29:00.070Z,0.02600000
solusdt,201.47000000,2025-08-29T18:29:00.070Z,0.02600000
solusdt,201.47000000,2025-08-29T18:29:00.070Z,0.02600000
solusdt,201.47000000,2025-08-29T18:29:00.070Z,0.02600000
solusdt,201.47000000,2025-08-29T18:29:00.070Z,0.02600000
solusdt,201.47000000,2025-08-29T18:29:00.070Z,0.02600000
solusdt,201.47000000,2025-08-29T18:29:00.070Z,0.02700000
solusdt,201.47000000,2025-08-29T18:29:00.070Z,0.02700000
solusdt,201.47000000,2025-08-29T18:29:00.070Z,0.02700000
solusdt,201.47000000,2025-08-29T18:29:00.070Z,0.02600000
solusdt,201.47000000,2025-08-29T18:29:00.070Z,0.02600000
solusdt,201.47000000,2025-08-29T18:29:00.070Z,0.02600000
solusdt,201.47000000,2025-08-29T18:29:00.070Z,0.02600000
solusdt,201.47000000,2025-08-29T18:29:00.070Z,0.02600000
solusdt,201.47000000,2025-08-29T18:29:00.070Z,0.02600000
solusdt,201.47000000,2025-08-29T18:29:00.070Z,0.02600000
solusdt,201.47000000,2025-08-29T18:29:00.070Z,0.02600000
solusdt,201.47000000,2025-08-29T18:29:00.070Z,0.02600000
solusdt,201.47000000,2025-08-29T18:29:00.070Z,0.02600000
solusdt,201.47000000,2025-08-29T18:29:00.070Z,0.02600000
solusdt,201.47000000,2025-08-29T18:29:00.070Z,0.02600000
solusdt,201.47000000,2025-08-29T18:29:00.070Z,0.02600000
solusdt,201.47000000,2025-08-29T18:29:00.070Z,0.02600000
solusdt,201.47000000,2025-08-29T18:29:00.070Z,0.02600000
solusdt,201.47000000,2025-08-29T18:29:00.070Z,0.02600000
solusdt,201.47000000,2025-08-29T18:29:00.070Z,0.02600000
solusdt,201.47000000,2025-08-29T18:29:00.070Z,0.02600000
solusdt,201.47000000,2025-08-29T18:29:00.070Z,0.02600000
solusdt,201.47000000,2025-08-29T18:29:00.070Z,0.02600000
solusdt,201.47000000,2025-08-29T18:29:00.070Z,0.02600000
solusdt,201.47000000,2025-08-29T18:29:00.070Z,0.02600000
solusdt,201.47000000,2025-08-29T18:29:00.070Z,0.02600000
solusdt,201.47000000,2025-08-29T18:29:00.070Z,0.02600000
solusdt,201.47000000,2025-08-29T18:29:00.070Z,0.02600000
solusdt,201.47000000,2025-08-29T18:29:00.070Z,0.02600000
solusdt,201.47000000,2025-08-29T18:29:00.070Z,0.02600000
solusdt,201.47000000,2025-08-29T18:29:00.070Z,0.02500000
solusdt,201.47000000,2025-08-29T18:29:00.070Z,0.02500000
solusdt,201.47000000,2025-08-29T18:29:00.070Z,0.02500000
solusdt,201.47000000,2025-08-29T18:29:00.070Z,0.02600000
solusdt,201.47000000,2025-08-29T18:29:00.070Z,0.02600000
solusdt,201.47000000,2025-08-29T18:29:00.070Z,0.02600000
solusdt,201.47000000,2025-08-29T18:29:00.070Z,0.02600000
solusdt,201.47000000,2025-08-29T18:29:00.070Z,0.02600000
solusdt,201.47000000,2025-08-29T18:29:00.070Z,0.02600000
solusdt,201.48000000,2025-08-29T18:29:00.071Z,0.02500000
solusdt,201.48000000,2025-08-29T18:29:00.071Z,0.02500000
solusdt,201.48000000,2025-08-29T18:29:00.071Z,0.02500000
solusdt,201.48000000,2025-08-29T18:29:00.071Z,0.02800000
solusdt,201.48000000,2025-08-29T18:29:00.071Z,0.02800000
solusdt,201.48000000,2025-08-29T18:29:00.071Z,0.02800000
solusdt,201.48000000,2025-08-29T18:29:00.071Z,0.12800000
solusdt,201.48000000,2025-08-29T18:29:00.071Z,0.12800000
solusdt,201.48000000,2025-08-29T18:29:00.071Z,0.12800000
solusdt,201.48000000,2025-08-29T18:29:00.071Z,0.02600000
solusdt,201.48000000,2025-08-29T18:29:00.071Z,0.02600000
solusdt,201.48000000,2025-08-29T18:29:00.071Z,0.02600000
solusdt,201.48000000,2025-08-29T18:29:00.071Z,0.02600000
solusdt,201.48000000,2025-08-29T18:29:00.071Z,0.02600000
solusdt,201.48000000,2025-08-29T18:29:00.071Z,0.02600000
solusdt,201.48000000,2025-08-29T18:29:00.071Z,0.02600000
solusdt,201.48000000,2025-08-29T18:29:00.071Z,0.02600000
solusdt,201.48000000,2025-08-29T18:29:00.071Z,0.02600000
solusdt,201.48000000,2025-08-29T18:29:00.071Z,0.02600000
solusdt,201.48000000,2025-08-29T18:29:00.071Z,0.02600000
solusdt,201.48000000,2025-08-29T18:29:00.071Z,0.02600000
solusdt,201.48000000,2025-08-29T18:29:00.071Z,0.02600000
solusdt,201.48000000,2025-08-29T18:29:00.071Z,0.02600000
solusdt,201.48000000,2025-08-29T18:29:00.071Z,0.02600000
solusdt,201.48000000,2025-08-29T18:29:00.071Z,0.02600000
solusdt,201.48000000,2025-08-29T18:29:00.071Z,0.02600000
solusdt,201.48000000,2025-08-29T18:29:00.071Z,0.02600000
solusdt,201.48000000,2025-08-29T18:29:00.071Z,0.02500000
solusdt,201.48000000,2025-08-29T18:29:00.071Z,0.02500000
solusdt,201.48000000,2025-08-29T18:29:00.071Z,0.02500000
solusdt,201.48000000,2025-08-29T18:29:00.071Z,0.02600000
solusdt,201.48000000,2025-08-29T18:29:00.071Z,0.02600000
solusdt,201.48000000,2025-08-29T18:29:00.071Z,0.02600000
solusdt,201.48000000,2025-08-29T18:29:00.226Z,0.03700000
solusdt,201.48000000,2025-08-29T18:29:00.226Z,0.03700000
solusdt,201.48000000,2025-08-29T18:29:00.226Z,0.03700000
solusdt,201.49000000,2025-08-29T18:29:00.364Z,0.02500000
solusdt,201.49000000,2025-08-29T18:29:00.364Z,0.02500000
solusdt,201.49000000,2025-08-29T18:29:00.364Z,0.02500000
solusdt,201.49000000,2025-08-29T18:29:00.364Z,0.05000000
solusdt,201.49000000,2025-08-29T18:29:00.364Z,0.05000000
solusdt,201.49000000,2025-08-29T18:29:00.364Z,0.05000000
solusdt,201.49000000,2025-08-29T18:29:00.364Z,0.01800000
solusdt,201.49000000,2025-08-29T18:29:00.364Z,0.01800000
solusdt,201.49000000,2025-08-29T18:29:00.364Z,0.01800000
solusdt,201.48000000,2025-08-29T18:29:00.464Z,0.03100000
solusdt,201.48000000,2025-08-29T18:29:00.464Z,0.03100000
solusdt,201.48000000,2025-08-29T18:29:00.464Z,0.03100000
solusdt,201.49000000,2025-08-29T18:29:01.078Z,0.00800000
solusdt,201.49000000,2025-08-29T18:29:01.078Z,0.00800000
solusdt,201.49000000,2025-08-29T18:29:01.078Z,0.00800000
solusdt,201.49000000,2025-08-29T18:29:01.078Z,0.02700000
solusdt,201.49000000,2025-08-29T18:29:01.078Z,0.02700000
solusdt,201.49000000,2025-08-29T18:29:01.078Z,0.02700000
solusdt,201.49000000,2025-08-29T18:29:01.078Z,0.02600000
solusdt,201.49000000,2025-08-29T18:29:01.078Z,0.02600000
solusdt,201.49000000,2025-08-29T18:29:01.078Z,0.02600000
solusdt,201.49000000,2025-08-29T18:29:01.078Z,0.02600000
solusdt,201.49000000,2025-08-29T18:29:01.078Z,0.02600000
solusdt,201.49000000,2025-08-29T18:29:01.078Z,0.02600000
solusdt,201.49000000,2025-08-29T18:29:01.078Z,0.93400000
solusdt,201.49000000,2025-08-29T18:29:01.078Z,0.93400000
solusdt,201.49000000,2025-08-29T18:29:01.078Z,0.93400000
solusdt,201.48000000,2025-08-29T18:29:01.245Z,0.24700000
solusdt,201.48000000,2025-08-29T18:29:01.245Z,0.24700000
solusdt,201.48000000,2025-08-29T18:29:01.245Z,0.24700000
solusdt,201.49000000,2025-08-29T18:29:01.365Z,2.28600000
solusdt,201.49000000,2025-08-29T18:29:01.365Z,2.28600000
solusdt,201.49000000,2025-08-29T18:29:01.365Z,2.28600000
solusdt,201.49000000,2025-08-29T18:29:01.370Z,14.84300000
solusdt,201.49000000,2025-08-29T18:29:01.370Z,14.84300000
solusdt,201.49000000,2025-08-29T18:29:01.370Z,14.84300000
solusdt,201.49000000,2025-08-29T18:29:01.370Z,6.21400000
solusdt,201.49000000,2025-08-29T18:29:01.370Z,6.21400000
solusdt,201.49000000,2025-08-29T18:29:01.370Z,6.21400000
solusdt,201.49000000,2025-08-29T18:29:01.396Z,0.02500000
solusdt,201.49000000,2025-08-29T18:29:01.396Z,0.02500000
solusdt,201.49000000,2025-08-29T18:29:01.396Z,0.02500000
solusdt,201.49000000,2025-08-29T18:29:01.396Z,0.02600000
solusdt,201.49000000,2025-08-29T18:29:01.396Z,0.02600000
solusdt,201.49000000,2025-08-29T18:29:01.396Z,0.02600000
solusdt,201.49000000,2025-08-29T18:29:01.396Z,0.02600000
solusdt,201.49000000,2025-08-29T18:29:01.396Z,0.02600000
solusdt,201.49000000,2025-08-29T18:29:01.396Z,0.02600000
solusdt,201.49000000,2025-08-29T18:29:01.396Z,0.02600000
solusdt,201.49000000,2025-08-29T18:29:01.396Z,0.02600000
solusdt,201.49000000,2025-08-29T18:29:01.396Z,0.02600000
solusdt,201.49000000,2025-08-29T18:29:01.396Z,0.02600000
solusdt,201.49000000,2025-08-29T18:29:01.396Z,0.02600000
solusdt,201.49000000,2025-08-29T18:29:01.396Z,0.02600000
solusdt,201.49000000,2025-08-29T18:29:01.396Z,0.02600000
solusdt,201.49000000,2025-08-29T18:29:01.396Z,0.02600000
solusdt,201.49000000,2025-08-29T18:29:01.396Z,0.02600000
solusdt,201.49000000,2025-08-29T18:29:01.396Z,0.02600000
solusdt,201.49000000,2025-08-29T18:29:01.396Z,0.02600000
solusdt,201.49000000,2025-08-29T18:29:01.396Z,0.02600000
solusdt,201.49000000,2025-08-29T18:29:01.396Z,0.02600000
solusdt,201.49000000,2025-08-29T18:29:01.396Z,0.02600000
solusdt,201.49000000,2025-08-29T18:29:01.396Z,0.02600000
solusdt,201.49000000,2025-08-29T18:29:01.396Z,0.02700000
solusdt,201.49000000,2025-08-29T18:29:01.396Z,0.02700000
solusdt,201.49000000,2025-08-29T18:29:01.396Z,0.02700000
solusdt,201.49000000,2025-08-29T18:29:01.396Z,0.02600000
solusdt,201.49000000,2025-08-29T18:29:01.396Z,0.02600000
solusdt,201.49000000,2025-08-29T18:29:01.396Z,0.02600000
solusdt,201.49000000,2025-08-29T18:29:01.396Z,0.02600000
solusdt,201.49000000,2025-08-29T18:29:01.396Z,0.02600000
solusdt,201.49000000,2025-08-29T18:29:01.396Z,0.02600000
solusdt,201.49000000,2025-08-29T18:29:01.396Z,0.02600000
solusdt,201.49000000,2025-08-29T18:29:01.396Z,0.02600000
solusdt,201.49000000,2025-08-29T18:29:01.396Z,0.02600000
solusdt,201.49000000,2025-08-29T18:29:01.396Z,0.02600000
solusdt,201.49000000,2025-08-29T18:29:01.396Z,0.02600000
solusdt,201.49000000,2025-08-29T18:29:01.396Z,0.02600000
solusdt,201.49000000,2025-08-29T18:29:01.396Z,0.02600000
solusdt,201.49000000,2025-08-29T18:29:01.396Z,0.02600000
solusdt,201.49000000,2025-08-29T18:29:01.396Z,0.02600000
solusdt,201.49000000,2025-08-29T18:29:01.622Z,20.21200000
solusdt,201.49000000,2025-08-29T18:29:01.622Z,20.21200000
solusdt,201.49000000,2025-08-29T18:29:01.622Z,20.21200000
solusdt,201.49000000,2025-08-29T18:29:01.622Z,14.02800000
solusdt,201.49000000,2025-08-29T18:29:01.622Z,14.02800000
solusdt,201.49000000,2025-08-29T18:29:01.622Z,14.02800000
solusdt,201.49000000,2025-08-29T18:29:01.622Z,18.26000000
solusdt,201.49000000,2025-08-29T18:29:01.622Z,18.26000000
solusdt,201.49000000,2025-08-29T18:29:01.622Z,18.26000000
solusdt,201.49000000,2025-08-29T18:29:01.622Z,8.25600000
solusdt,201.49000000,2025-08-29T18:29:01.622Z,8.25600000
solusdt,201.49000000,2025-08-29T18:29:01.622Z,8.25600000
solusdt,201.49000000,2025-08-29T18:29:01.622Z,7.28300000
solusdt,201.49000000,2025-08-29T18:29:01.622Z,7.28300000
solusdt,201.49000000,2025-08-29T18:29:01.622Z,7.28300000
solusdt,201.50000000,2025-08-29T18:29:01.945Z,4.96200000
solusdt,201.50000000,2025-08-29T18:29:01.945Z,4.96200000
solusdt,201.50000000,2025-08-29T18:29:01.945Z,4.96200000
solusdt,201.50000000,2025-08-29T18:29:01.945Z,0.02800000
solusdt,201.50000000,2025-08-29T18:29:01.945Z,0.02800000
solusdt,201.50000000,2025-08-29T18:29:01.945Z,0.02800000
solusdt,201.50000000,2025-08-29T18:29:01.945Z,4.00000000
solusdt,201.50000000,2025-08-29T18:29:01.945Z,4.00000000
solusdt,201.50000000,2025-08-29T18:29:01.945Z,4.00000000
solusdt,201.50000000,2025-08-29T18:29:01.945Z,0.02600000
solusdt,201.50000000,2025-08-29T18:29:01.945Z,0.02600000
solusdt,201.50000000,2025-08-29T18:29:01.945Z,0.02600000
solusdt,201.50000000,2025-08-29T18:29:01.945Z,0.02700000
solusdt,201.50000000,2025-08-29T18:29:01.945Z,0.02700000
solusdt,201.50000000,2025-08-29T18:29:01.945Z,0.02700000
solusdt,201.50000000,2025-08-29T18:29:01.945Z,0.02600000
solusdt,201.50000000,2025-08-29T18:29:01.945Z,0.02600000
solusdt,201.50000000,2025-08-29T18:29:01.945Z,0.02600000
solusdt,201.50000000,2025-08-29T18:29:01.945Z,0.02600000
solusdt,201.50000000,2025-08-29T18:29:01.945Z,0.02600000
solusdt,201.50000000,2025-08-29T18:29:01.945Z,0.02600000
solusdt,201.50000000,2025-08-29T18:29:01.945Z,0.02600000
solusdt,201.50000000,2025-08-29T18:29:01.945Z,0.02600000
solusdt,201.50000000,2025-08-29T18:29:01.945Z,0.02600000
solusdt,201.50000000,2025-08-29T18:29:01.945Z,0.02600000
solusdt,201.50000000,2025-08-29T18:29:01.945Z,0.02600000
solusdt,201.50000000,2025-08-29T18:29:01.945Z,0.02600000
solusdt,201.50000000,2025-08-29T18:29:01.945Z,0.02600000
solusdt,201.50000000,2025-08-29T18:29:01.945Z,0.02600000
solusdt,201.50000000,2025-08-29T18:29:01.945Z,0.02600000
solusdt,201.50000000,2025-08-29T18:29:01.945Z,0.02600000
solusdt,201.50000000,2025-08-29T18:29:01.945Z,0.02600000
solusdt,201.50000000,2025-08-29T18:29:01.945Z,0.02600000
solusdt,201.50000000,2025-08-29T18:29:01.945Z,0.02600000
solusdt,201.50000000,2025-08-29T18:29:01.945Z,0.02600000
solusdt,201.50000000,2025-08-29T18:29:01.945Z,0.02600000
solusdt,201.50000000,2025-08-29T18:29:01.945Z,0.02600000
solusdt,201.50000000,2025-08-29T18:29:01.945Z,0.02600000
solusdt,201.50000000,2025-08-29T18:29:01.945Z,0.02600000
solusdt,201.50000000,2025-08-29T18:29:01.945Z,0.02600000
solusdt,201.50000000,2025-08-29T18:29:01.945Z,0.02600000
solusdt,201.50000000,2025-08-29T18:29:01.945Z,0.02600000
solusdt,201.50000000,2025-08-29T18:29:01.945Z,0.02600000
solusdt,201.50000000,2025-08-29T18:29:01.945Z,0.02600000
solusdt,201.50000000,2025-08-29T18:29:01.945Z,0.02600000
solusdt,201.50000000,2025-08-29T18:29:01.945Z,0.02600000
solusdt,201.50000000,2025-08-29T18:29:01.945Z,0.02600000
solusdt,201.50000000,2025-08-29T18:29:01.945Z,0.02600000
solusdt,201.50000000,2025-08-29T18:29:01.945Z,0.02600000
solusdt,201.50000000,2025-08-29T18:29:01.945Z,0.02600000
solusdt,201.50000000,2025-08-29T18:29:01.945Z,0.02600000
solusdt,201.50000000,2025-08-29T18:29:01.945Z,0.02600000
solusdt,201.50000000,2025-08-29T18:29:01.945Z,0.02600000
solusdt,201.50000000,2025-08-29T18:29:01.945Z,0.02600000
solusdt,201.50000000,2025-08-29T18:29:01.945Z,0.02600000
solusdt,201.50000000,2025-08-29T18:29:01.945Z,0.02600000
solusdt,201.50000000,2025-08-29T18:29:01.945Z,0.02600000
solusdt,201.50000000,2025-08-29T18:29:01.952Z,0.55600000
solusdt,201.50000000,2025-08-29T18:29:01.952Z,0.55600000
solusdt,201.50000000,2025-08-29T18:29:01.952Z,0.55600000
solusdt,201.51000000,2025-08-29T18:29:02.058Z,0.02500000
solusdt,201.51000000,2025-08-29T18:29:02.058Z,0.02500000
solusdt,201.51000000,2025-08-29T18:29:02.058Z,0.02500000
solusdt,201.51000000,2025-08-29T18:29:02.058Z,0.02500000
solusdt,201.51000000,2025-08-29T18:29:02.058Z,0.02500000
solusdt,201.51000000,2025-08-29T18:29:02.058Z,0.02500000
solusdt,201.51000000,2025-08-29T18:29:02.058Z,0.02600000
solusdt,201.51000000,2025-08-29T18:29:02.058Z,0.02600000
solusdt,201.51000000,2025-08-29T18:29:02.058Z,0.02600000
solusdt,201.51000000,2025-08-29T18:29:02.058Z,0.02600000
solusdt,201.51000000,2025-08-29T18:29:02.058Z,0.02600000
solusdt,201.51000000,2025-08-29T18:29:02.058Z,0.02600000
solusdt,201.51000000,2025-08-29T18:29:02.058Z,0.02700000
solusdt,201.51000000,2025-08-29T18:29:02.058Z,0.02700000
solusdt,201.51000000,2025-08-29T18:29:02.058Z,0.02700000
solusdt,201.51000000,2025-08-29T18:29:02.058Z,0.02600000
solusdt,201.51000000,2025-08-29T18:29:02.058Z,0.02600000
solusdt,201.51000000,2025-08-29T18:29:02.058Z,0.02600000
solusdt,201.51000000,2025-08-29T18:29:02.058Z,0.02600000
solusdt,201.51000000,2025-08-29T18:29:02.058Z,0.02600000
solusdt,201.51000000,2025-08-29T18:29:02.058Z,0.02600000
solusdt,201.51000000,2025-08-29T18:29:02.058Z,0.02600000
solusdt,201.51000000,2025-08-29T18:29:02.058Z,0.02600000
solusdt,201.51000000,2025-08-29T18:29:02.058Z,0.02600000
solusdt,201.51000000,2025-08-29T18:29:02.058Z,0.02600000
solusdt,201.51000000,2025-08-29T18:29:02.058Z,0.02600000
solusdt,201.51000000,2025-08-29T18:29:02.058Z,0.02600000
solusdt,201.51000000,2025-08-29T18:29:02.058Z,0.02600000
solusdt,201.51000000,2025-08-29T18:29:02.058Z,0.02600000
solusdt,201.51000000,2025-08-29T18:29:02.058Z,0.02600000
solusdt,201.51000000,2025-08-29T18:29:02.058Z,0.02600000
solusdt,201.51000000,2025-08-29T18:29:02.058Z,0.02600000
solusdt,201.51000000,2025-08-29T18:29:02.058Z,0.02600000
solusdt,201.51000000,2025-08-29T18:29:02.058Z,0.02600000
solusdt,201.51000000,2025-08-29T18:29:02.058Z,0.02600000
solusdt,201.51000000,2025-08-29T18:29:02.058Z,0.02600000
solusdt,201.51000000,2025-08-29T18:29:02.058Z,0.02600000
solusdt,201.51000000,2025-08-29T18:29:02.058Z,0.02600000
solusdt,201.51000000,2025-08-29T18:29:02.058Z,0.02600000
solusdt,201.51000000,2025-08-29T18:29:02.058Z,0.02600000
solusdt,201.51000000,2025-08-29T18:29:02.058Z,0.02600000
solusdt,201.51000000,2025-08-29T18:29:02.058Z,0.02600000
solusdt,201.51000000,2025-08-29T18:29:02.058Z,0.02600000
solusdt,201.51000000,2025-08-29T18:29:02.058Z,0.02600000
solusdt,201.51000000,2025-08-29T18:29:02.058Z,0.02600000
solusdt,201.51000000,2025-08-29T18:29:02.058Z,0.02600000
solusdt,201.51000000,2025-08-29T18:29:02.058Z,0.02600000
solusdt,201.51000000,2025-08-29T18:29:02.058Z,0.02600000
solusdt,201.51000000,2025-08-29T18:29:02.058Z,0.02600000
solusdt,201.51000000,2025-08-29T18:29:02.058Z,0.02600000
solusdt,201.51000000,2025-08-29T18:29:02.058Z,0.02600000
solusdt,201.51000000,2025-08-29T18:29:02.058Z,0.02600000
solusdt,201.51000000,2025-08-29T18:29:02.058Z,0.02600000
solusdt,201.51000000,2025-08-29T18:29:02.058Z,0.02600000
solusdt,201.52000000,2025-08-29T18:29:02.096Z,0.05000000
solusdt,201.52000000,2025-08-29T18:29:02.096Z,0.05000000
solusdt,201.52000000,2025-08-29T18:29:02.096Z,0.05000000
solusdt,201.52000000,2025-08-29T18:29:02.096Z,0.10000000
solusdt,201.52000000,2025-08-29T18:29:02.096Z,0.10000000
solusdt,201.52000000,2025-08-29T18:29:02.096Z,0.10000000
solusdt,201.52000000,2025-08-29T18:29:02.096Z,0.02500000
solusdt,201.52000000,2025-08-29T18:29:02.096Z,0.02500000
solusdt,201.52000000,2025-08-29T18:29:02.096Z,0.02500000
solusdt,201.52000000,2025-08-29T18:29:02.096Z,0.02800000
solusdt,201.52000000,2025-08-29T18:29:02.096Z,0.02800000
solusdt,201.52000000,2025-08-29T18:29:02.096Z,0.02800000
solusdt,201.52000000,2025-08-29T18:29:02.096Z,3.97100000
solusdt,201.52000000,2025-08-29T18:29:02.096Z,3.97100000
solusdt,201.52000000,2025-08-29T18:29:02.096Z,3.97100000
solusdt,201.52000000,2025-08-29T18:29:02.096Z,0.02600000
solusdt,201.52000000,2025-08-29T18:29:02.096Z,0.02600000
solusdt,201.52000000,2025-08-29T18:29:02.096Z,0.02600000
solusdt,201.52000000,2025-08-29T18:29:02.096Z,0.02600000
solusdt,201.52000000,2025-08-29T18:29:02.096Z,0.02600000
solusdt,201.52000000,2025-08-29T18:29:02.096Z,0.02600000
solusdt,201.52000000,2025-08-29T18:29:02.096Z,0.02700000
solusdt,201.52000000,2025-08-29T18:29:02.096Z,0.02700000
solusdt,201.52000000,2025-08-29T18:29:02.096Z,0.02700000
solusdt,201.52000000,2025-08-29T18:29:02.096Z,0.02600000
solusdt,201.52000000,2025-08-29T18:29:02.096Z,0.02600000
solusdt,201.52000000,2025-08-29T18:29:02.096Z,0.02600000
solusdt,201.52000000,2025-08-29T18:29:02.096Z,0.02600000
solusdt,201.52000000,2025-08-29T18:29:02.096Z,0.02600000
solusdt,201.52000000,2025-08-29T18:29:02.096Z,0.02600000
solusdt,201.52000000,2025-08-29T18:29:02.096Z,0.02600000
solusdt,201.52000000,2025-08-29T18:29:02.096Z,0.02600000
solusdt,201.52000000,2025-08-29T18:29:02.096Z,0.02600000
solusdt,201.52000000,2025-08-29T18:29:02.096Z,0.02600000
solusdt,201.52000000,2025-08-29T18:29:02.096Z,0.02600000
solusdt,201.52000000,2025-08-29T18:29:02.096Z,0.02600000
solusdt,201.52000000,2025-08-29T18:29:02.096Z,0.02600000
solusdt,201.52000000,2025-08-29T18:29:02.096Z,0.02600000
solusdt,201.52000000,2025-08-29T18:29:02.096Z,0.02600000
solusdt,201.52000000,2025-08-29T18:29:02.096Z,0.02600000
solusdt,201.52000000,2025-08-29T18:29:02.096Z,0.02600000
solusdt,201.52000000,2025-08-29T18:29:02.096Z,0.02600000
solusdt,201.52000000,2025-08-29T18:29:02.096Z,0.02600000
solusdt,201.52000000,2025-08-29T18:29:02.096Z,0.02600000
solusdt,201.52000000,2025-08-29T18:29:02.096Z,0.02600000
solusdt,201.52000000,2025-08-29T18:29:02.096Z,0.02600000
solusdt,201.52000000,2025-08-29T18:29:02.096Z,0.02600000
solusdt,201.52000000,2025-08-29T18:29:02.096Z,0.02600000
solusdt,201.52000000,2025-08-29T18:29:02.096Z,0.02600000
solusdt,201.52000000,2025-08-29T18:29:02.096Z,0.02600000
solusdt,201.52000000,2025-08-29T18:29:02.096Z,0.02600000
solusdt,201.52000000,2025-08-29T18:29:02.096Z,0.02600000
solusdt,201.52000000,2025-08-29T18:29:02.096Z,0.02600000
solusdt,201.52000000,2025-08-29T18:29:02.096Z,0.02600000
solusdt,201.52000000,2025-08-29T18:29:02.096Z,0.02600000
solusdt,201.52000000,2025-08-29T18:29:02.096Z,0.02600000
solusdt,201.52000000,2025-08-29T18:29:02.096Z,0.02600000
solusdt,201.52000000,2025-08-29T18:29:02.109Z,1.82600000
solusdt,201.52000000,2025-08-29T18:29:02.109Z,1.82600000
solusdt,201.52000000,2025-08-29T18:29:02.109Z,1.82600000
solusdt,201.52000000,2025-08-29T18:29:02.109Z,1.82600000
solusdt,201.52000000,2025-08-29T18:29:02.109Z,1.82600000
solusdt,201.52000000,2025-08-29T18:29:02.109Z,1.82600000
solusdt,201.52000000,2025-08-29T18:29:02.109Z,1.82600000
solusdt,201.52000000,2025-08-29T18:29:02.109Z,1.82600000
solusdt,201.52000000,2025-08-29T18:29:02.109Z,1.82600000
solusdt,201.52000000,2025-08-29T18:29:02.109Z,14.93800000
solusdt,201.52000000,2025-08-29T18:29:02.109Z,14.93800000
solusdt,201.52000000,2025-08-29T18:29:02.109Z,14.93800000
solusdt,201.52000000,2025-08-29T18:29:02.109Z,1.89400000
solusdt,201.52000000,2025-08-29T18:29:02.109Z,1.89400000
solusdt,201.52000000,2025-08-29T18:29:02.109Z,1.89400000
solusdt,201.52000000,2025-08-29T18:29:02.109Z,19.88000000
solusdt,201.52000000,2025-08-29T18:29:02.109Z,19.88000000
solusdt,201.52000000,2025-08-29T18:29:02.109Z,19.88000000
solusdt,201.52000000,2025-08-29T18:29:02.109Z,2.51400000
solusdt,201.52000000,2025-08-29T18:29:02.109Z,2.51400000
solusdt,201.52000000,2025-08-29T18:29:02.109Z,2.51400000
solusdt,201.52000000,2025-08-29T18:29:02.109Z,1.82600000
solusdt,201.52000000,2025-08-29T18:29:02.109Z,1.82600000
solusdt,201.52000000,2025-08-29T18:29:02.109Z,1.82600000
solusdt,201.52000000,2025-08-29T18:29:02.109Z,15.40000000
solusdt,201.52000000,2025-08-29T18:29:02.109Z,15.40000000
solusdt,201.52000000,2025-08-29T18:29:02.109Z,15.40000000
solusdt,201.52000000,2025-08-29T18:29:02.109Z,8.25600000
solusdt,201.52000000,2025-08-29T18:29:02.109Z,8.25600000
solusdt,201.52000000,2025-08-29T18:29:02.109Z,8.25600000
solusdt,201.52000000,2025-08-29T18:29:02.109Z,9.89800000
solusdt,201.52000000,2025-08-29T18:29:02.109Z,9.89800000
solusdt,201.52000000,2025-08-29T18:29:02.109Z,9.89800000
solusdt,201.52000000,2025-08-29T18:29:02.109Z,5.67200000
solusdt,201.52000000,2025-08-29T18:29:02.109Z,5.67200000
solusdt,201.52000000,2025-08-29T18:29:02.109Z,5.67200000
solusdt,201.52000000,2025-08-29T18:29:02.109Z,1.82600000
solusdt,201.52000000,2025-08-29T18:29:02.109Z,1.82600000
solusdt,201.52000000,2025-08-29T18:29:02.109Z,1.82600000
solusdt,201.52000000,2025-08-29T18:29:02.109Z,1.82600000
solusdt,201.52000000,2025-08-29T18:29:02.109Z,1.82600000
solusdt,201.52000000,2025-08-29T18:29:02.109Z,1.82600000
solusdt,201.52000000,2025-08-29T18:29:02.109Z,1.82600000
solusdt,201.52000000,2025-08-29T18:29:02.109Z,1.82600000
solusdt,201.52000000,2025-08-29T18:29:02.109Z,1.82600000
solusdt,201.52000000,2025-08-29T18:29:02.109Z,1.82600000
solusdt,201.52000000,2025-08-29T18:29:02.109Z,1.82600000
solusdt,201.52000000,2025-08-29T18:29:02.109Z,1.82600000
solusdt,201.52000000,2025-08-29T18:29:02.109Z,1.82600000
solusdt,201.52000000,2025-08-29T18:29:02.109Z,1.82600000
solusdt,201.52000000,2025-08-29T18:29:02.109Z,1.82600000
solusdt,201.52000000,2025-08-29T18:29:02.109Z,1.82600000
solusdt,201.52000000,2025-08-29T18:29:02.109Z,1.82600000
solusdt,201.52000000,2025-08-29T18:29:02.109Z,1.82600000
solusdt,201.52000000,2025-08-29T18:29:02.111Z,1.82600000
solusdt,201.52000000,2025-08-29T18:29:02.111Z,1.82600000
solusdt,201.52000000,2025-08-29T18:29:02.111Z,1.82600000
solusdt,201.52000000,2025-08-29T18:29:02.114Z,14.85100000
solusdt,201.52000000,2025-08-29T18:29:02.114Z,14.85100000
solusdt,201.52000000,2025-08-29T18:29:02.114Z,14.85100000
solusdt,201.52000000,2025-08-29T18:29:02.128Z,5.31900000
solusdt,201.52000000,2025-08-29T18:29:02.128Z,5.31900000
solusdt,201.52000000,2025-08-29T18:29:02.128Z,5.31900000
solusdt,201.52000000,2025-08-29T18:29:03.122Z,0.02500000
solusdt,201.52000000,2025-08-29T18:29:03.122Z,0.02500000
solusdt,201.52000000,2025-08-29T18:29:03.122Z,0.02500000
solusdt,201.52000000,2025-08-29T18:29:03.122Z,1.67600000
solusdt,201.52000000,2025-08-29T18:29:03.122Z,1.67600000
solusdt,201.52000000,2025-08-29T18:29:03.122Z,1.67600000
solusdt,201.52000000,2025-08-29T18:29:03.122Z,0.02600000
solusdt,201.52000000,2025-08-29T18:29:03.122Z,0.02600000
solusdt,201.52000000,2025-08-29T18:29:03.122Z,0.02600000
solusdt,201.52000000,2025-08-29T18:29:03.122Z,0.02600000
solusdt,201.52000000,2025-08-29T18:29:03.122Z,0.02600000
solusdt,201.52000000,2025-08-29T18:29:03.122Z,0.02600000
solusdt,201.52000000,2025-08-29T18:29:03.122Z,0.02700000
solusdt,201.52000000,2025-08-29T18:29:03.122Z,0.02700000
solusdt,201.52000000,2025-08-29T18:29:03.122Z,0.02700000
solusdt,201.52000000,2025-08-29T18:29:03.122Z,0.02600000
solusdt,201.52000000,2025-08-29T18:29:03.122Z,0.02600000
solusdt,201.52000000,2025-08-29T18:29:03.122Z,0.02600000
solusdt,201.52000000,2025-08-29T18:29:03.122Z,0.02600000
solusdt,201.52000000,2025-08-29T18:29:03.122Z,0.02600000
solusdt,201.52000000,2025-08-29T18:29:03.122Z,0.02600000
solusdt,201.52000000,2025-08-29T18:29:03.122Z,0.02600000
solusdt,201.52000000,2025-08-29T18:29:03.122Z,0.02600000
solusdt,201.52000000,2025-08-29T18:29:03.122Z,0.02600000
solusdt,201.52000000,2025-08-29T18:29:03.122Z,0.02600000
solusdt,201.52000000,2025-08-29T18:29:03.122Z,0.02600000
solusdt,201.52000000,2025-08-29T18:29:03.122Z,0.02600000
solusdt,201.52000000,2025-08-29T18:29:03.122Z,0.02600000
solusdt,201.52000000,2025-08-29T18:29:03.122Z,0.02600000
solusdt,201.52000000,2025-08-29T18:29:03.122Z,0.02600000
solusdt,201.52000000,2025-08-29T18:29:03.122Z,0.99000000
solusdt,201.52000000,2025-08-29T18:29:03.122Z,0.99000000
solusdt,201.52000000,2025-08-29T18:29:03.122Z,0.99000000
solusdt,201.53000000,2025-08-29T18:29:03.238Z,0.16300000
solusdt,201.53000000,2025-08-29T18:29:03.238Z,0.16300000
solusdt,201.53000000,2025-08-29T18:29:03.238Z,0.16300000
solusdt,201.53000000,2025-08-29T18:29:03.238Z,0.05000000
solusdt,201.53000000,2025-08-29T18:29:03.238Z,0.05000000
solusdt,201.53000000,2025-08-29T18:29:03.238Z,0.05000000
solusdt,201.53000000,2025-08-29T18:29:03.238Z,0.02500000
solusdt,201.53000000,2025-08-29T18:29:03.238Z,0.02500000
solusdt,201.53000000,2025-08-29T18:29:03.238Z,0.02500000
solusdt,201.53000000,2025-08-29T18:29:03.238Z,0.02600000
solusdt,201.53000000,2025-08-29T18:29:03.238Z,0.02600000
solusdt,201.53000000,2025-08-29T18:29:03.238Z,0.02600000
solusdt,201.53000000,2025-08-29T18:29:03.238Z,0.02600000
solusdt,201.53000000,2025-08-29T18:29:03.238Z,0.02600000
solusdt,201.53000000,2025-08-29T18:29:03.238Z,0.02600000
solusdt,201.53000000,2025-08-29T18:29:03.238Z,0.02700000
solusdt,201.53000000,2025-08-29T18:29:03.238Z,0.02700000
solusdt,201.53000000,2025-08-29T18:29:03.238Z,0.02700000
solusdt,201.53000000,2025-08-29T18:29:03.238Z,0.24400000
solusdt,201.53000000,2025-08-29T18:29:03.238Z,0.24400000
solusdt,201.53000000,2025-08-29T18:29:03.238Z,0.24400000
solusdt,201.52000000,2025-08-29T18:29:03.322Z,2.23200000
solusdt,201.52000000,2025-08-29T18:29:03.322Z,2.23200000
solusdt,201.52000000,2025-08-29T18:29:03.322Z,2.23200000
solusdt,201.52000000,2025-08-29T18:29:03.885Z,8.13200000
solusdt,201.52000000,2025-08-29T18:29:03.885Z,8.13200000
solusdt,201.52000000,2025-08-29T18:29:03.885Z,8.13200000
solusdt,201.52000000,2025-08-29T18:29:04.129Z,2.90000000
solusdt,201.52000000,2025-08-29T18:29:04.129Z,2.90000000
solusdt,201.52000000,2025-08-29T18:29:04.129Z,2.90000000
solusdt,201.53000000,2025-08-29T18:29:04.329Z,0.02600000
solusdt,201.53000000,2025-08-29T18:29:04.329Z,0.02600000
solusdt,201.53000000,2025-08-29T18:29:04.329Z,0.02600000
solusdt,201.53000000,2025-08-29T18:29:04.329Z,0.02600000
solusdt,201.53000000,2025-08-29T18:29:04.329Z,0.02600000
solusdt,201.53000000,2025-08-29T18:29:04.329Z,0.02600000
solusdt,201.53000000,2025-08-29T18:29:04.329Z,0.02600000
solusdt,201.53000000,2025-08-29T18:29:04.329Z,0.02600000
solusdt,201.53000000,2025-08-29T18:29:04.329Z,0.02600000
solusdt,201.53000000,2025-08-29T18:29:04.329Z,0.02600000
solusdt,201.53000000,2025-08-29T18:29:04.329Z,0.02600000
solusdt,201.53000000,2025-08-29T18:29:04.329Z,0.02600000
solusdt,201.53000000,2025-08-29T18:29:04.329Z,0.02600000
solusdt,201.53000000,2025-08-29T18:29:04.329Z,0.02600000
solusdt,201.53000000,2025-08-29T18:29:04.329Z,0.02600000
solusdt,201.53000000,2025-08-29T18:29:04.329Z,0.02600000
solusdt,201.53000000,2025-08-29T18:29:04.329Z,0.02600000
solusdt,201.53000000,2025-08-29T18:29:04.329Z,0.02600000
solusdt,201.53000000,2025-08-29T18:29:04.329Z,0.02600000
solusdt,201.53000000,2025-08-29T18:29:04.329Z,0.02600000
solusdt,201.53000000,2025-08-29T18:29:04.329Z,0.02600000
solusdt,201.53000000,2025-08-29T18:29:04.329Z,0.02600000
solusdt,201.53000000,2025-08-29T18:29:04.329Z,0.02600000
solusdt,201.53000000,2025-08-29T18:29:04.329Z,0.02600000
solusdt,201.53000000,2025-08-29T18:29:04.329Z,3.34000000
solusdt,201.53000000,2025-08-29T18:29:04.329Z,3.34000000
solusdt,201.53000000,2025-08-29T18:29:04.329Z,3.34000000
solusdt,201.53000000,2025-08-29T18:29:04.329Z,1.13400000
solusdt,201.53000000,2025-08-29T18:29:04.329Z,1.13400000
solusdt,201.53000000,2025-08-29T18:29:04.329Z,1.13400000
solusdt,201.53000000,2025-08-29T18:29:04.332Z,4.50500000
solusdt,201.53000000,2025-08-29T18:29:04.332Z,4.50500000
solusdt,201.53000000,2025-08-29T18:29:04.332Z,4.50500000
solusdt,201.53000000,2025-08-29T18:29:04.496Z,3.39900000
solusdt,201.53000000,2025-08-29T18:29:04.496Z,3.39900000
solusdt,201.53000000,2025-08-29T18:29:04.496Z,3.39900000
solusdt,201.53000000,2025-08-29T18:29:04.496Z,0.02700000
solusdt,201.53000000,2025-08-29T18:29:04.496Z,0.02700000
solusdt,201.53000000,2025-08-29T18:29:04.496Z,0.02700000
solusdt,201.53000000,2025-08-29T18:29:04.496Z,0.02600000
solusdt,201.53000000,2025-08-29T18:29:04.496Z,0.02600000
solusdt,201.53000000,2025-08-29T18:29:04.496Z,0.02600000
solusdt,201.53000000,2025-08-29T18:29:04.496Z,0.02600000
solusdt,201.53000000,2025-08-29T18:29:04.496Z,0.02600000
solusdt,201.53000000,2025-08-29T18:29:04.496Z,0.02600000
solusdt,201.53000000,2025-08-29T18:29:04.496Z,0.02600000
solusdt,201.53000000,2025-08-29T18:29:04.496Z,0.02600000
solusdt,201.53000000,2025-08-29T18:29:04.496Z,0.02600000
solusdt,201.53000000,2025-08-29T18:29:04.496Z,0.02600000
solusdt,201.53000000,2025-08-29T18:29:04.496Z,0.02600000
solusdt,201.53000000,2025-08-29T18:29:04.496Z,0.02600000
solusdt,201.54000000,2025-08-29T18:29:04.496Z,0.02800000
solusdt,201.54000000,2025-08-29T18:29:04.496Z,0.02800000
solusdt,201.54000000,2025-08-29T18:29:04.496Z,0.02800000
solusdt,201.54000000,2025-08-29T18:29:04.496Z,2.00000000
solusdt,201.54000000,2025-08-29T18:29:04.496Z,2.00000000
solusdt,201.54000000,2025-08-29T18:29:04.496Z,2.00000000
solusdt,201.54000000,2025-08-29T18:29:04.496Z,0.02500000
solusdt,201.54000000,2025-08-29T18:29:04.496Z,0.02500000
solusdt,201.54000000,2025-08-29T18:29:04.496Z,0.02500000
solusdt,201.54000000,2025-08-29T18:29:04.496Z,0.02600000
solusdt,201.54000000,2025-08-29T18:29:04.496Z,0.02600000
solusdt,201.54000000,2025-08-29T18:29:04.496Z,0.02600000
solusdt,201.54000000,2025-08-29T18:29:04.496Z,0.02600000
solusdt,201.54000000,2025-08-29T18:29:04.496Z,0.02600000
solusdt,201.54000000,2025-08-29T18:29:04.496Z,0.02600000
solusdt,201.54000000,2025-08-29T18:29:04.496Z,0.02600000
solusdt,201.54000000,2025-08-29T18:29:04.496Z,0.02600000
solusdt,201.54000000,2025-08-29T18:29:04.496Z,0.02600000
solusdt,201.54000000,2025-08-29T18:29:04.496Z,0.02700000
solusdt,201.54000000,2025-08-29T18:29:04.496Z,0.02700000
solusdt,201.54000000,2025-08-29T18:29:04.496Z,0.02700000
solusdt,201.54000000,2025-08-29T18:29:04.496Z,0.02600000
solusdt,201.54000000,2025-08-29T18:29:04.496Z,0.02600000
solusdt,201.54000000,2025-08-29T18:29:04.496Z,0.02600000
solusdt,201.54000000,2025-08-29T18:29:04.496Z,0.02600000
solusdt,201.54000000,2025-08-29T18:29:04.496Z,0.02600000
solusdt,201.54000000,2025-08-29T18:29:04.496Z,0.02600000
solusdt,201.54000000,2025-08-29T18:29:04.496Z,0.02600000
solusdt,201.54000000,2025-08-29T18:29:04.496Z,0.02600000
solusdt,201.54000000,2025-08-29T18:29:04.496Z,0.02600000
solusdt,201.54000000,2025-08-29T18:29:04.496Z,0.02600000
solusdt,201.54000000,2025-08-29T18:29:04.496Z,0.02600000
solusdt,201.54000000,2025-08-29T18:29:04.496Z,0.02600000
solusdt,201.54000000,2025-08-29T18:29:04.521Z,5.25200000
solusdt,201.54000000,2025-08-29T18:29:04.521Z,5.25200000
solusdt,201.54000000,2025-08-29T18:29:04.521Z,5.25200000
solusdt,201.54000000,2025-08-29T18:29:04.796Z,9.89800000
solusdt,201.54000000,2025-08-29T18:29:04.796Z,9.89800000
solusdt,201.54000000,2025-08-29T18:29:04.796Z,9.89800000
solusdt,201.54000000,2025-08-29T18:29:04.796Z,8.25200000
solusdt,201.54000000,2025-08-29T18:29:04.796Z,8.25200000
solusdt,201.54000000,2025-08-29T18:29:04.796Z,8.25200000
solusdt,201.54000000,2025-08-29T18:29:04.796Z,0.02500000
solusdt,201.54000000,2025-08-29T18:29:04.796Z,0.02500000
solusdt,201.54000000,2025-08-29T18:29:04.796Z,0.02500000
solusdt,201.54000000,2025-08-29T18:29:04.796Z,1.67600000
solusdt,201.54000000,2025-08-29T18:29:04.796Z,1.67600000
solusdt,201.54000000,2025-08-29T18:29:04.796Z,1.67600000
solusdt,201.54000000,2025-08-29T18:29:04.796Z,0.02600000
solusdt,201.54000000,2025-08-29T18:29:04.796Z,0.02600000
solusdt,201.54000000,2025-08-29T18:29:04.796Z,0.02600000
solusdt,201.54000000,2025-08-29T18:29:04.796Z,0.02600000
solusdt,201.54000000,2025-08-29T18:29:04.796Z,0.02600000
solusdt,201.54000000,2025-08-29T18:29:04.796Z,0.02600000
solusdt,201.54000000,2025-08-29T18:29:04.796Z,0.02600000
solusdt,201.54000000,2025-08-29T18:29:04.796Z,0.02600000
solusdt,201.54000000,2025-08-29T18:29:04.796Z,0.02600000
solusdt,201.54000000,2025-08-29T18:29:04.796Z,0.02600000
solusdt,201.54000000,2025-08-29T18:29:04.796Z,0.02600000
solusdt,201.54000000,2025-08-29T18:29:04.796Z,0.02600000
solusdt,201.54000000,2025-08-29T18:29:04.796Z,0.02600000
solusdt,201.54000000,2025-08-29T18:29:04.796Z,0.02600000
solusdt,201.54000000,2025-08-29T18:29:04.796Z,0.02600000
solusdt,201.54000000,2025-08-29T18:29:04.796Z,0.02600000
solusdt,201.54000000,2025-08-29T18:29:04.796Z,0.02600000
solusdt,201.54000000,2025-08-29T18:29:04.796Z,0.02600000
solusdt,201.54000000,2025-08-29T18:29:04.796Z,0.02600000
solusdt,201.54000000,2025-08-29T18:29:04.796Z,0.02600000
solusdt,201.54000000,2025-08-29T18:29:04.796Z,0.02600000
solusdt,201.54000000,2025-08-29T18:29:04.796Z,0.02700000
solusdt,201.54000000,2025-08-29T18:29:04.796Z,0.02700000
solusdt,201.54000000,2025-08-29T18:29:04.796Z,0.02700000
solusdt,201.54000000,2025-08-29T18:29:04.796Z,0.02500000
solusdt,201.54000000,2025-08-29T18:29:04.796Z,0.02500000
solusdt,201.54000000,2025-08-29T18:29:04.796Z,0.02500000
solusdt,201.54000000,2025-08-29T18:29:04.796Z,0.02600000
solusdt,201.54000000,2025-08-29T18:29:04.796Z,0.02600000
solusdt,201.54000000,2025-08-29T18:29:04.796Z,0.02600000
solusdt,201.54000000,2025-08-29T18:29:04.796Z,0.02600000
solusdt,201.54000000,2025-08-29T18:29:04.796Z,0.02600000
solusdt,201.54000000,2025-08-29T18:29:04.796Z,0.02600000
solusdt,201.54000000,2025-08-29T18:29:04.796Z,0.02600000
solusdt,201.54000000,2025-08-29T18:29:04.796Z,0.02600000
solusdt,201.54000000,2025-08-29T18:29:04.796Z,0.02600000
solusdt,201.54000000,2025-08-29T18:29:04.796Z,0.98300000
solusdt,201.54000000,2025-08-29T18:29:04.796Z,0.98300000
solusdt,201.54000000,2025-08-29T18:29:04.796Z,0.98300000
solusdt,201.54000000,2025-08-29T18:29:04.823Z,0.02600000
solusdt,201.54000000,2025-08-29T18:29:04.823Z,0.02600000
solusdt,201.54000000,2025-08-29T18:29:04.823Z,0.02600000
solusdt,201.54000000,2025-08-29T18:29:04.823Z,0.02600000
solusdt,201.54000000,2025-08-29T18:29:04.823Z,0.02600000
solusdt,201.54000000,2025-08-29T18:29:04.823Z,0.02600000
solusdt,201.54000000,2025-08-29T18:29:04.823Z,0.02700000
solusdt,201.54000000,2025-08-29T18:29:04.823Z,0.02700000
solusdt,201.54000000,2025-08-29T18:29:04.823Z,0.02700000
solusdt,201.54000000,2025-08-29T18:29:04.823Z,0.02100000
solusdt,201.54000000,2025-08-29T18:29:04.823Z,0.02100000
solusdt,201.54000000,2025-08-29T18:29:04.823Z,0.02100000
solusdt,201.54000000,2025-08-29T18:29:05.169Z,0.00500000
solusdt,201.54000000,2025-08-29T18:29:05.169Z,0.00500000
solusdt,201.54000000,2025-08-29T18:29:05.169Z,0.00500000
solusdt,201.54000000,2025-08-29T18:29:05.169Z,0.02600000
solusdt,201.54000000,2025-08-29T18:29:05.169Z,0.02600000
solusdt,201.54000000,2025-08-29T18:29:05.169Z,0.02600000
solusdt,201.54000000,2025-08-29T18:29:05.169Z,0.02600000
solusdt,201.54000000,2025-08-29T18:29:05.169Z,0.02600000
solusdt,201.54000000,2025-08-29T18:29:05.169Z,0.02600000
solusdt,201.54000000,2025-08-29T18:29:05.169Z,0.02600000
solusdt,201.54000000,2025-08-29T18:29:05.169Z,0.02600000
solusdt,201.54000000,2025-08-29T18:29:05.169Z,0.02600000
solusdt,201.54000000,2025-08-29T18:29:05.169Z,0.02600000
solusdt,201.54000000,2025-08-29T18:29:05.169Z,0.02600000
solusdt,201.54000000,2025-08-29T18:29:05.169Z,0.02600000
solusdt,201.54000000,2025-08-29T18:29:05.169Z,0.02600000
solusdt,201.54000000,2025-08-29T18:29:05.169Z,0.02600000
solusdt,201.54000000,2025-08-29T18:29:05.169Z,0.02600000
solusdt,201.54000000,2025-08-29T18:29:05.169Z,0.02500000
solusdt,201.54000000,2025-08-29T18:29:05.169Z,0.02500000
solusdt,201.54000000,2025-08-29T18:29:05.169Z,0.02500000
solusdt,201.54000000,2025-08-29T18:29:05.169Z,40.95000000
solusdt,201.54000000,2025-08-29T18:29:05.169Z,40.95000000
solusdt,201.54000000,2025-08-29T18:29:05.169Z,40.95000000
solusdt,201.54000000,2025-08-29T18:29:05.169Z,0.02700000
solusdt,201.54000000,2025-08-29T18:29:05.169Z,0.02700000
solusdt,201.54000000,2025-08-29T18:29:05.169Z,0.02700000
solusdt,201.54000000,2025-08-29T18:29:05.169Z,0.02600000
solusdt,201.54000000,2025-08-29T18:29:05.169Z,0.02600000
solusdt,201.54000000,2025-08-29T18:29:05.169Z,0.02600000
solusdt,201.54000000,2025-08-29T18:29:05.169Z,0.43900000
solusdt,201.54000000,2025-08-29T18:29:05.169Z,0.43900000
solusdt,201.54000000,2025-08-29T18:29:05.169Z,0.43900000
solusdt,201.54000000,2025-08-29T18:29:05.169Z,17.50400000
solusdt,201.54000000,2025-08-29T18:29:05.169Z,17.50400000
solusdt,201.54000000,2025-08-29T18:29:05.169Z,17.50400000
solusdt,201.54000000,2025-08-29T18:29:05.169Z,0.02600000
solusdt,201.54000000,2025-08-29T18:29:05.169Z,0.02600000
solusdt,201.54000000,2025-08-29T18:29:05.169Z,0.02600000
solusdt,201.53000000,2025-08-29T18:29:05.169Z,8.14100000
solusdt,201.53000000,2025-08-29T18:29:05.169Z,8.14100000
solusdt,201.53000000,2025-08-29T18:29:05.169Z,8.14100000
solusdt,201.53000000,2025-08-29T18:29:05.169Z,0.02700000
solusdt,201.53000000,2025-08-29T18:29:05.169Z,0.02700000
solusdt,201.53000000,2025-08-29T18:29:05.169Z,0.02700000
solusdt,201.53000000,2025-08-29T18:29:05.169Z,0.02500000
solusdt,201.53000000,2025-08-29T18:29:05.169Z,0.02500000
solusdt,201.53000000,2025-08-29T18:29:05.169Z,0.02500000
solusdt,201.53000000,2025-08-29T18:29:05.169Z,0.02600000
solusdt,201.53000000,2025-08-29T18:29:05.169Z,0.02600000
solusdt,201.53000000,2025-08-29T18:29:05.169Z,0.02600000
solusdt,201.53000000,2025-08-29T18:29:05.169Z,0.02600000
solusdt,201.53000000,2025-08-29T18:29:05.169Z,0.02600000
solusdt,201.53000000,2025-08-29T18:29:05.169Z,0.02600000
solusdt,201.53000000,2025-08-29T18:29:05.169Z,11.37000000
solusdt,201.53000000,2025-08-29T18:29:05.169Z,11.37000000
solusdt,201.53000000,2025-08-29T18:29:05.169Z,11.37000000
solusdt,201.52000000,2025-08-29T18:29:05.169Z,0.02500000
solusdt,201.52000000,2025-08-29T18:29:05.169Z,0.02500000
solusdt,201.52000000,2025-08-29T18:29:05.169Z,0.02500000
solusdt,201.52000000,2025-08-29T18:29:05.169Z,0.02600000
solusdt,201.52000000,2025-08-29T18:29:05.169Z,0.02600000
solusdt,201.52000000,2025-08-29T18:29:05.169Z,0.02600000
solusdt,201.52000000,2025-08-29T18:29:05.169Z,0.02600000
solusdt,201.52000000,2025-08-29T18:29:05.169Z,0.02600000
solusdt,201.52000000,2025-08-29T18:29:05.169Z,0.02600000
solusdt,201.52000000,2025-08-29T18:29:05.169Z,0.46900000
solusdt,201.52000000,2025-08-29T18:29:05.169Z,0.46900000
solusdt,201.52000000,2025-08-29T18:29:05.169Z,0.46900000
solusdt,201.52000000,2025-08-29T18:29:05.169Z,4.00000000
solusdt,201.52000000,2025-08-29T18:29:05.169Z,4.00000000
solusdt,201.52000000,2025-08-29T18:29:05.169Z,4.00000000
solusdt,201.52000000,2025-08-29T18:29:05.169Z,0.05000000
solusdt,201.52000000,2025-08-29T18:29:05.169Z,0.05000000
solusdt,201.52000000,2025-08-29T18:29:05.169Z,0.05000000
solusdt,201.52000000,2025-08-29T18:29:05.169Z,0.03800000
solusdt,201.52000000,2025-08-29T18:29:05.169Z,0.03800000
solusdt,201.52000000,2025-08-29T18:29:05.169Z,0.03800000
solusdt,201.52000000,2025-08-29T18:29:05.169Z,0.02600000
solusdt,201.52000000,2025-08-29T18:29:05.169Z,0.02600000
solusdt,201.52000000,2025-08-29T18:29:05.169Z,0.02600000
solusdt,201.52000000,2025-08-29T18:29:05.169Z,0.02500000
solusdt,201.52000000,2025-08-29T18:29:05.169Z,0.02500000
solusdt,201.52000000,2025-08-29T18:29:05.169Z,0.02500000
solusdt,201.52000000,2025-08-29T18:29:05.169Z,0.02700000
solusdt,201.52000000,2025-08-29T18:29:05.169Z,0.02700000
solusdt,201.52000000,2025-08-29T18:29:05.169Z,0.02700000
solusdt,201.52000000,2025-08-29T18:29:05.169Z,0.02600000
solusdt,201.52000000,2025-08-29T18:29:05.169Z,0.02600000
solusdt,201.52000000,2025-08-29T18:29:05.169Z,0.02600000
solusdt,201.52000000,2025-08-29T18:29:05.169Z,4.50000000
solusdt,201.52000000,2025-08-29T18:29:05.169Z,4.50000000
solusdt,201.52000000,2025-08-29T18:29:05.169Z,4.50000000
solusdt,201.52000000,2025-08-29T18:29:05.169Z,24.71500000
solusdt,201.52000000,2025-08-29T18:29:05.169Z,24.71500000
solusdt,201.52000000,2025-08-29T18:29:05.169Z,24.71500000
solusdt,201.52000000,2025-08-29T18:29:05.169Z,4.96400000
solusdt,201.52000000,2025-08-29T18:29:05.169Z,4.96400000
solusdt,201.52000000,2025-08-29T18:29:05.169Z,4.96400000
solusdt,201.52000000,2025-08-29T18:29:05.169Z,35.70300000
solusdt,201.52000000,2025-08-29T18:29:05.169Z,35.70300000
solusdt,201.52000000,2025-08-29T18:29:05.169Z,35.70300000
solusdt,201.52000000,2025-08-29T18:29:05.170Z,34.33400000
solusdt,201.52000000,2025-08-29T18:29:05.170Z,34.33400000
solusdt,201.52000000,2025-08-29T18:29:05.170Z,34.33400000
solusdt,201.52000000,2025-08-29T18:29:05.170Z,17.52300000
solusdt,201.52000000,2025-08-29T18:29:05.170Z,17.52300000
solusdt,201.52000000,2025-08-29T18:29:05.170Z,17.52300000
solusdt,201.52000000,2025-08-29T18:29:05.170Z,11.05000000
solusdt,201.52000000,2025-08-29T18:29:05.170Z,11.05000000
solusdt,201.52000000,2025-08-29T18:29:05.170Z,11.05000000
solusdt,201.52000000,2025-08-29T18:29:05.170Z,24.25800000
solusdt,201.52000000,2025-08-29T18:29:05.170Z,24.25800000
solusdt,201.52000000,2025-08-29T18:29:05.170Z,24.25800000
solusdt,201.52000000,2025-08-29T18:29:05.170Z,12.09000000
solusdt,201.52000000,2025-08-29T18:29:05.170Z,12.09000000
solusdt,201.52000000,2025-08-29T18:29:05.170Z,12.09000000
solusdt,201.52000000,2025-08-29T18:29:05.170Z,34.00300000
solusdt,201.52000000,2025-08-29T18:29:05.170Z,34.00300000
solusdt,201.52000000,2025-08-29T18:29:05.170Z,34.00300000
solusdt,201.52000000,2025-08-29T18:29:05.170Z,3.60900000
solusdt,201.52000000,2025-08-29T18:29:05.170Z,3.60900000
solusdt,201.52000000,2025-08-29T18:29:05.170Z,3.60900000
solusdt,201.51000000,2025-08-29T18:29:05.170Z,0.02500000
solusdt,201.51000000,2025-08-29T18:29:05.170Z,0.02500000
solusdt,201.51000000,2025-08-29T18:29:05.170Z,0.02500000
solusdt,201.51000000,2025-08-29T18:29:05.170Z,8.23400000
solusdt,201.51000000,2025-08-29T18:29:05.170Z,8.23400000
solusdt,201.51000000,2025-08-29T18:29:05.170Z,8.23400000
solusdt,201.51000000,2025-08-29T18:29:05.170Z,0.02600000
solusdt,201.51000000,2025-08-29T18:29:05.170Z,0.02600000
solusdt,201.51000000,2025-08-29T18:29:05.170Z,0.02600000
solusdt,201.51000000,2025-08-29T18:29:05.170Z,0.02600000
solusdt,201.51000000,2025-08-29T18:29:05.170Z,0.02600000
solusdt,201.51000000,2025-08-29T18:29:05.170Z,0.02600000
solusdt,201.51000000,2025-08-29T18:29:05.170Z,0.02600000
solusdt,201.51000000,2025-08-29T18:29:05.170Z,0.02600000
solusdt,201.51000000,2025-08-29T18:29:05.170Z,0.02600000
solusdt,201.51000000,2025-08-29T18:29:05.170Z,6.87100000
solusdt,201.51000000,2025-08-29T18:29:05.170Z,6.87100000
solusdt,201.51000000,2025-08-29T18:29:05.170Z,6.87100000
solusdt,201.51000000,2025-08-29T18:29:05.170Z,59.84300000
solusdt,201.51000000,2025-08-29T18:29:05.170Z,59.84300000
solusdt,201.51000000,2025-08-29T18:29:05.170Z,59.84300000
solusdt,201.51000000,2025-08-29T18:29:05.170Z,35.64900000
solusdt,201.51000000,2025-08-29T18:29:05.170Z,35.64900000
solusdt,201.51000000,2025-08-29T18:29:05.170Z,35.64900000
solusdt,201.51000000,2025-08-29T18:29:05.171Z,5.20100000
solusdt,201.51000000,2025-08-29T18:29:05.171Z,5.20100000
solusdt,201.51000000,2025-08-29T18:29:05.171Z,5.20100000
solusdt,201.51000000,2025-08-29T18:29:05.171Z,8.33200000
solusdt,201.51000000,2025-08-29T18:29:05.171Z,8.33200000
solusdt,201.51000000,2025-08-29T18:29:05.171Z,8.33200000
solusdt,201.51000000,2025-08-29T18:29:05.171Z,0.02600000
solusdt,201.51000000,2025-08-29T18:29:05.171Z,0.02600000
solusdt,201.51000000,2025-08-29T18:29:05.171Z,0.02600000
solusdt,201.51000000,2025-08-29T18:29:05.171Z,0.05000000
solusdt,201.51000000,2025-08-29T18:29:05.171Z,0.05000000
solusdt,201.51000000,2025-08-29T18:29:05.171Z,0.05000000
solusdt,201.51000000,2025-08-29T18:29:05.171Z,0.23600000
solusdt,201.51000000,2025-08-29T18:29:05.171Z,0.23600000
solusdt,201.51000000,2025-08-29T18:29:05.171Z,0.23600000
solusdt,201.51000000,2025-08-29T18:29:05.171Z,0.02600000
solusdt,201.51000000,2025-08-29T18:29:05.171Z,0.02600000
solusdt,201.51000000,2025-08-29T18:29:05.171Z,0.02600000
solusdt,201.51000000,2025-08-29T18:29:05.171Z,0.02600000
solusdt,201.51000000,2025-08-29T18:29:05.171Z,0.02600000
solusdt,201.51000000,2025-08-29T18:29:05.171Z,0.02600000
solusdt,201.51000000,2025-08-29T18:29:05.171Z,3.27000000
solusdt,201.51000000,2025-08-29T18:29:05.171Z,3.27000000
solusdt,201.51000000,2025-08-29T18:29:05.171Z,3.27000000
solusdt,201.51000000,2025-08-29T18:29:05.171Z,2.48000000
solusdt,201.51000000,2025-08-29T18:29:05.171Z,2.48000000
solusdt,201.51000000,2025-08-29T18:29:05.171Z,2.48000000
solusdt,201.51000000,2025-08-29T18:29:05.171Z,2.48000000
solusdt,201.51000000,2025-08-29T18:29:05.171Z,2.48000000
solusdt,201.51000000,2025-08-29T18:29:05.171Z,2.48000000
solusdt,201.51000000,2025-08-29T18:29:05.171Z,1.20000000
solusdt,201.51000000,2025-08-29T18:29:05.171Z,1.20000000
solusdt,201.51000000,2025-08-29T18:29:05.171Z,1.20000000
solusdt,201.51000000,2025-08-29T18:29:05.171Z,0.02700000
solusdt,201.51000000,2025-08-29T18:29:05.171Z,0.02700000
solusdt,201.51000000,2025-08-29T18:29:05.171Z,0.02700000
solusdt,201.50000000,2025-08-29T18:29:05.171Z,0.02500000
solusdt,201.50000000,2025-08-29T18:29:05.171Z,0.02500000
solusdt,201.50000000,2025-08-29T18:29:05.171Z,0.02500000
solusdt,201.50000000,2025-08-29T18:29:05.171Z,0.02600000
solusdt,201.50000000,2025-08-29T18:29:05.171Z,0.02600000
solusdt,201.50000000,2025-08-29T18:29:05.171Z,0.02600000
solusdt,201.50000000,2025-08-29T18:29:05.171Z,0.02600000
solusdt,201.50000000,2025-08-29T18:29:05.171Z,0.02600000
solusdt,201.50000000,2025-08-29T18:29:05.171Z,0.02600000
solusdt,201.50000000,2025-08-29T18:29:05.171Z,0.02600000
solusdt,201.50000000,2025-08-29T18:29:05.171Z,0.02600000
solusdt,201.50000000,2025-08-29T18:29:05.171Z,0.02600000
solusdt,201.50000000,2025-08-29T18:29:05.171Z,0.05000000
solusdt,201.50000000,2025-08-29T18:29:05.171Z,0.05000000
solusdt,201.50000000,2025-08-29T18:29:05.171Z,0.05000000
solusdt,201.50000000,2025-08-29T18:29:05.171Z,0.03800000
solusdt,201.50000000,2025-08-29T18:29:05.171Z,0.03800000
solusdt,201.50000000,2025-08-29T18:29:05.171Z,0.03800000
solusdt,201.50000000,2025-08-29T18:29:05.171Z,0.02600000
solusdt,201.50000000,2025-08-29T18:29:05.171Z,0.02600000
solusdt,201.50000000,2025-08-29T18:29:05.171Z,0.02600000
solusdt,201.50000000,2025-08-29T18:29:05.171Z,43.38500000
solusdt,201.50000000,2025-08-29T18:29:05.171Z,43.38500000
solusdt,201.50000000,2025-08-29T18:29:05.171Z,43.38500000
solusdt,201.50000000,2025-08-29T18:29:05.171Z,0.02600000
solusdt,201.50000000,2025-08-29T18:29:05.171Z,0.02600000
solusdt,201.50000000,2025-08-29T18:29:05.171Z,0.02600000
solusdt,201.50000000,2025-08-29T18:29:05.171Z,0.02700000
solusdt,201.50000000,2025-08-29T18:29:05.171Z,0.02700000
solusdt,201.50000000,2025-08-29T18:29:05.171Z,0.02700000
solusdt,201.49000000,2025-08-29T18:29:05.171Z,0.02500000
solusdt,201.49000000,2025-08-29T18:29:05.171Z,0.02500000
solusdt,201.49000000,2025-08-29T18:29:05.171Z,0.02500000
solusdt,201.49000000,2025-08-29T18:29:05.171Z,0.02500000
solusdt,201.49000000,2025-08-29T18:29:05.171Z,0.02500000
solusdt,201.49000000,2025-08-29T18:29:05.171Z,0.02500000
solusdt,201.49000000,2025-08-29T18:29:05.171Z,10.17600000
solusdt,201.49000000,2025-08-29T18:29:05.171Z,10.17600000
solusdt,201.49000000,2025-08-29T18:29:05.171Z,10.17600000
solusdt,201.49000000,2025-08-29T18:29:05.171Z,4.57900000
solusdt,201.49000000,2025-08-29T18:29:05.171Z,4.57900000
solusdt,201.49000000,2025-08-29T18:29:05.171Z,4.57900000
solusdt,201.49000000,2025-08-29T18:29:05.171Z,33.98500000
solusdt,201.49000000,2025-08-29T18:29:05.171Z,33.98500000
solusdt,201.49000000,2025-08-29T18:29:05.171Z,33.98500000
solusdt,201.49000000,2025-08-29T18:29:05.171Z,4.00000000
solusdt,201.49000000,2025-08-29T18:29:05.171Z,4.00000000
solusdt,201.49000000,2025-08-29T18:29:05.171Z,4.00000000
solusdt,201.49000000,2025-08-29T18:29:05.171Z,2.00000000
solusdt,201.49000000,2025-08-29T18:29:05.171Z,2.00000000
solusdt,201.49000000,2025-08-29T18:29:05.171Z,2.00000000
solusdt,201.49000000,2025-08-29T18:29:05.171Z,16.00000000
solusdt,201.49000000,2025-08-29T18:29:05.171Z,16.00000000
solusdt,201.49000000,2025-08-29T18:29:05.171Z,16.00000000
solusdt,201.49000000,2025-08-29T18:29:05.171Z,3.12800000
solusdt,201.49000000,2025-08-29T18:29:05.171Z,3.12800000
solusdt,201.49000000,2025-08-29T18:29:05.171Z,3.12800000
solusdt,201.49000000,2025-08-29T18:29:05.171Z,4.87200000
solusdt,201.49000000,2025-08-29T18:29:05.171Z,4.87200000
solusdt,201.49000000,2025-08-29T18:29:05.171Z,4.87200000
solusdt,201.49000000,2025-08-29T18:29:05.171Z,0.05000000
solusdt,201.49000000,2025-08-29T18:29:05.171Z,0.05000000
solusdt,201.49000000,2025-08-29T18:29:05.171Z,0.05000000
solusdt,201.49000000,2025-08-29T18:29:05.171Z,0.23600000
solusdt,201.49000000,2025-08-29T18:29:05.171Z,0.23600000
solusdt,201.49000000,2025-08-29T18:29:05.171Z,0.23600000
solusdt,201.49000000,2025-08-29T18:29:05.171Z,1.57800000
solusdt,201.49000000,2025-08-29T18:29:05.171Z,1.57800000
solusdt,201.49000000,2025-08-29T18:29:05.171Z,1.57800000
solusdt,201.49000000,2025-08-29T18:29:05.171Z,0.02600000
solusdt,201.49000000,2025-08-29T18:29:05.171Z,0.02600000
solusdt,201.49000000,2025-08-29T18:29:05.171Z,0.02600000
solusdt,201.49000000,2025-08-29T18:29:05.171Z,0.02700000
solusdt,201.49000000,2025-08-29T18:29:05.171Z,0.02700000
solusdt,201.49000000,2025-08-29T18:29:05.171Z,0.02700000
solusdt,201.48000000,2025-08-29T18:29:05.171Z,0.02500000
solusdt,201.48000000,2025-08-29T18:29:05.171Z,0.02500000
solusdt,201.48000000,2025-08-29T18:29:05.171Z,0.02500000
solusdt,201.48000000,2025-08-29T18:29:05.171Z,11.37000000
solusdt,201.48000000,2025-08-29T18:29:05.171Z,11.37000000
solusdt,201.48000000,2025-08-29T18:29:05.171Z,11.37000000
solusdt,201.48000000,2025-08-29T18:29:05.171Z,27.75400000
solusdt,201.48000000,2025-08-29T18:29:05.171Z,27.75400000
solusdt,201.48000000,2025-08-29T18:29:05.171Z,27.75400000
solusdt,201.48000000,2025-08-29T18:29:05.171Z,24.59000000
solusdt,201.48000000,2025-08-29T18:29:05.171Z,24.59000000
solusdt,201.48000000,2025-08-29T18:29:05.171Z,24.59000000
solusdt,201.48000000,2025-08-29T18:29:05.171Z,49.18200000
solusdt,201.48000000,2025-08-29T18:29:05.171Z,49.18200000
solusdt,201.48000000,2025-08-29T18:29:05.171Z,49.18200000
solusdt,201.48000000,2025-08-29T18:29:05.171Z,21.52100000
solusdt,201.48000000,2025-08-29T18:29:05.171Z,21.52100000
solusdt,201.48000000,2025-08-29T18:29:05.171Z,21.52100000
solusdt,201.48000000,2025-08-29T18:29:05.171Z,10.72200000
solusdt,201.48000000,2025-08-29T18:29:05.171Z,10.72200000
solusdt,201.48000000,2025-08-29T18:29:05.171Z,10.72200000
solusdt,201.48000000,2025-08-29T18:29:05.171Z,76.13900000
solusdt,201.48000000,2025-08-29T18:29:05.171Z,76.13900000
solusdt,201.48000000,2025-08-29T18:29:05.171Z,76.13900000
solusdt,201.48000000,2025-08-29T18:29:05.171Z,0.02500000
solusdt,201.48000000,2025-08-29T18:29:05.171Z,0.02500000
solusdt,201.48000000,2025-08-29T18:29:05.171Z,0.02500000
solusdt,201.48000000,2025-08-29T18:29:05.171Z,2.48100000
solusdt,201.48000000,2025-08-29T18:29:05.171Z,2.48100000
solusdt,201.48000000,2025-08-29T18:29:05.171Z,2.48100000
solusdt,201.48000000,2025-08-29T18:29:05.171Z,2.48100000
solusdt,201.48000000,2025-08-29T18:29:05.171Z,2.48100000
solusdt,201.48000000,2025-08-29T18:29:05.171Z,2.48100000
solusdt,201.48000000,2025-08-29T18:29:05.171Z,0.05000000
solusdt,201.48000000,2025-08-29T18:29:05.171Z,0.05000000
solusdt,201.48000000,2025-08-29T18:29:05.171Z,0.05000000
solusdt,201.48000000,2025-08-29T18:29:05.171Z,0.03800000
solusdt,201.48000000,2025-08-29T18:29:05.171Z,0.03800000
solusdt,201.48000000,2025-08-29T18:29:05.171Z,0.03800000
solusdt,201.48000000,2025-08-29T18:29:05.171Z,1.16500000
solusdt,201.48000000,2025-08-29T18:29:05.171Z,1.16500000
solusdt,201.48000000,2025-08-29T18:29:05.171Z,1.16500000
solusdt,201.48000000,2025-08-29T18:29:05.171Z,22.46900000
solusdt,201.48000000,2025-08-29T18:29:05.171Z,22.46900000
solusdt,201.48000000,2025-08-29T18:29:05.171Z,22.46900000
solusdt,201.48000000,2025-08-29T18:29:05.174Z,0.43400000
solusdt,201.48000000,2025-08-29T18:29:05.174Z,0.43400000
solusdt,201.48000000,2025-08-29T18:29:05.174Z,0.43400000
solusdt,201.47000000,2025-08-29T18:29:05.174Z,0.02500000
solusdt,201.47000000,2025-08-29T18:29:05.174Z,0.02500000
solusdt,201.47000000,2025-08-29T18:29:05.174Z,0.02500000
solusdt,201.47000000,2025-08-29T18:29:05.174Z,0.97500000
solusdt,201.47000000,2025-08-29T18:29:05.174Z,0.97500000
solusdt,201.47000000,2025-08-29T18:29:05.174Z,0.97500000
solusdt,201.47000000,2025-08-29T18:29:05.178Z,0.24800000
solusdt,201.47000000,2025-08-29T18:29:05.178Z,0.24800000
solusdt,201.47000000,2025-08-29T18:29:05.178Z,0.24800000
solusdt,201.47000000,2025-08-29T18:29:05.205Z,1.25800000
solusdt,201.47000000,2025-08-29T18:29:05.205Z,1.25800000
solusdt,201.47000000,2025-08-29T18:29:05.205Z,1.25800000
solusdt,201.47000000,2025-08-29T18:29:05.205Z,0.16900000
solusdt,201.47000000,2025-08-29T18:29:05.205Z,0.16900000
solusdt,201.47000000,2025-08-29T18:29:05.205Z,0.16900000
solusdt,201.47000000,2025-08-29T18:29:05.205Z,0.40000000
solusdt,201.47000000,2025-08-29T18:29:05.205Z,0.40000000
solusdt,201.47000000,2025-08-29T18:29:05.205Z,0.40000000
solusdt,201.47000000,2025-08-29T18:29:05.205Z,0.02700000
solusdt,201.47000000,2025-08-29T18:29:05.205Z,0.02700000
solusdt,201.47000000,2025-08-29T18:29:05.205Z,0.02700000
solusdt,201.47000000,2025-08-29T18:29:05.205Z,0.02600000
solusdt,201.47000000,2025-08-29T18:29:05.205Z,0.02600000
solusdt,201.47000000,2025-08-29T18:29:05.205Z,0.02600000
solusdt,201.47000000,2025-08-29T18:29:05.205Z,0.02600000
solusdt,201.47000000,2025-08-29T18:29:05.205Z,0.02600000
solusdt,201.47000000,2025-08-29T18:29:05.205Z,0.02600000
solusdt,201.47000000,2025-08-29T18:29:05.205Z,0.02600000
solusdt,201.47000000,2025-08-29T18:29:05.205Z,0.02600000
solusdt,201.47000000,2025-08-29T18:29:05.205Z,0.02600000
solusdt,201.47000000,2025-08-29T18:29:05.205Z,0.02600000
solusdt,201.47000000,2025-08-29T18:29:05.205Z,0.02600000
solusdt,201.47000000,2025-08-29T18:29:05.205Z,0.02600000
solusdt,201.47000000,2025-08-29T18:29:05.205Z,0.02600000
solusdt,201.47000000,2025-08-29T18:29:05.205Z,0.02600000
solusdt,201.47000000,2025-08-29T18:29:05.205Z,0.02600000
solusdt,201.47000000,2025-08-29T18:29:05.205Z,0.02600000
solusdt,201.47000000,2025-08-29T18:29:05.205Z,0.02600000
solusdt,201.47000000,2025-08-29T18:29:05.205Z,0.02600000
solusdt,201.47000000,2025-08-29T18:29:05.205Z,0.02600000
solusdt,201.47000000,2025-08-29T18:29:05.205Z,0.02600000
solusdt,201.47000000,2025-08-29T18:29:05.205Z,0.02600000
solusdt,201.47000000,2025-08-29T18:29:05.205Z,0.02600000
solusdt,201.47000000,2025-08-29T18:29:05.205Z,0.02600000
solusdt,201.47000000,2025-08-29T18:29:05.205Z,0.02600000
solusdt,201.47000000,2025-08-29T18:29:05.205Z,3.08600000
solusdt,201.47000000,2025-08-29T18:29:05.205Z,3.08600000
solusdt,201.47000000,2025-08-29T18:29:05.205Z,3.08600000
solusdt,201.48000000,2025-08-29T18:29:05.427Z,0.02700000
solusdt,201.48000000,2025-08-29T18:29:05.427Z,0.02700000
solusdt,201.48000000,2025-08-29T18:29:05.427Z,0.02700000
solusdt,201.48000000,2025-08-29T18:29:05.427Z,1.90500000
solusdt,201.48000000,2025-08-29T18:29:05.427Z,1.90500000
solusdt,201.48000000,2025-08-29T18:29:05.427Z,1.90500000
solusdt,201.48000000,2025-08-29T18:29:05.427Z,21.24300000
solusdt,201.48000000,2025-08-29T18:29:05.427Z,21.24300000
solusdt,201.48000000,2025-08-29T18:29:05.427Z,21.24300000
solusdt,201.48000000,2025-08-29T18:29:05.427Z,3.15000000
solusdt,201.48000000,2025-08-29T18:29:05.427Z,3.15000000
solusdt,201.48000000,2025-08-29T18:29:05.427Z,3.15000000
solusdt,201.48000000,2025-08-29T18:29:05.427Z,14.59000000
solusdt,201.48000000,2025-08-29T18:29:05.427Z,14.59000000
solusdt,201.48000000,2025-08-29T18:29:05.427Z,14.59000000
solusdt,201.48000000,2025-08-29T18:29:05.427Z,10.41000000
solusdt,201.48000000,2025-08-29T18:29:05.427Z,10.41000000
solusdt,201.48000000,2025-08-29T18:29:05.427Z,10.41000000
solusdt,201.48000000,2025-08-29T18:29:05.427Z,5.59200000
solusdt,201.48000000,2025-08-29T18:29:05.427Z,5.59200000
solusdt,201.48000000,2025-08-29T18:29:05.427Z,5.59200000
solusdt,201.49000000,2025-08-29T18:29:05.429Z,0.02700000
solusdt,201.49000000,2025-08-29T18:29:05.429Z,0.02700000
solusdt,201.49000000,2025-08-29T18:29:05.429Z,0.02700000
solusdt,201.50000000,2025-08-29T18:29:05.528Z,0.02700000
solusdt,201.50000000,2025-08-29T18:29:05.528Z,0.02700000
solusdt,201.50000000,2025-08-29T18:29:05.528Z,0.02700000
solusdt,201.50000000,2025-08-29T18:29:05.528Z,0.03800000
solusdt,201.50000000,2025-08-29T18:29:05.528Z,0.03800000
solusdt,201.50000000,2025-08-29T18:29:05.528Z,0.03800000
solusdt,201.50000000,2025-08-29T18:29:05.528Z,0.02600000
solusdt,201.50000000,2025-08-29T18:29:05.528Z,0.02600000
solusdt,201.50000000,2025-08-29T18:29:05.528Z,0.02600000
solusdt,201.51000000,2025-08-29T18:29:05.537Z,0.02700000
solusdt,201.51000000,2025-08-29T18:29:05.537Z,0.02700000
solusdt,201.51000000,2025-08-29T18:29:05.537Z,0.02700000
solusdt,201.51000000,2025-08-29T18:29:05.537Z,0.02600000
solusdt,201.51000000,2025-08-29T18:29:05.537Z,0.02600000
solusdt,201.51000000,2025-08-29T18:29:05.537Z,0.02600000
solusdt,201.51000000,2025-08-29T18:29:05.537Z,0.02600000
solusdt,201.51000000,2025-08-29T18:29:05.537Z,0.02600000
solusdt,201.51000000,2025-08-29T18:29:05.537Z,0.02600000
solusdt,201.52000000,2025-08-29T18:29:06.364Z,0.02700000
solusdt,201.52000000,2025-08-29T18:29:06.364Z,0.02700000
solusdt,201.52000000,2025-08-29T18:29:06.364Z,0.02700000
solusdt,201.52000000,2025-08-29T18:29:06.364Z,0.02600000
solusdt,201.52000000,2025-08-29T18:29:06.364Z,0.02600000
solusdt,201.52000000,2025-08-29T18:29:06.364Z,0.02600000
solusdt,201.52000000,2025-08-29T18:29:06.364Z,0.04000000
solusdt,201.52000000,2025-08-29T18:29:06.364Z,0.04000000
solusdt,201.52000000,2025-08-29T18:29:06.364Z,0.04000000
solusdt,201.51000000,2025-08-29T18:29:06.465Z,9.89800000
solusdt,201.51000000,2025-08-29T18:29:06.465Z,9.89800000
solusdt,201.51000000,2025-08-29T18:29:06.465Z,9.89800000
solusdt,201.51000000,2025-08-29T18:29:06.465Z,0.02500000
solusdt,201.51000000,2025-08-29T18:29:06.465Z,0.02500000
solusdt,201.51000000,2025-08-29T18:29:06.465Z,0.02500000
solusdt,201.51000000,2025-08-29T18:29:06.465Z,0.02700000
solusdt,201.51000000,2025-08-29T18:29:06.465Z,0.02700000
solusdt,201.51000000,2025-08-29T18:29:06.465Z,0.02700000
solusdt,201.51000000,2025-08-29T18:29:06.465Z,0.02600000
solusdt,201.51000000,2025-08-29T18:29:06.465Z,0.02600000
solusdt,201.51000000,2025-08-29T18:29:06.465Z,0.02600000
solusdt,201.51000000,2025-08-29T18:29:06.465Z,0.02600000
solusdt,201.51000000,2025-08-29T18:29:06.465Z,0.02600000
solusdt,201.51000000,2025-08-29T18:29:06.465Z,0.02600000
solusdt,201.51000000,2025-08-29T18:29:06.465Z,1.67600000
solusdt,201.51000000,2025-08-29T18:29:06.465Z,1.67600000
solusdt,201.51000000,2025-08-29T18:29:06.465Z,1.67600000
solusdt,201.51000000,2025-08-29T18:29:06.465Z,0.02600000
solusdt,201.51000000,2025-08-29T18:29:06.465Z,0.02600000
solusdt,201.51000000,2025-08-29T18:29:06.465Z,0.02600000
solusdt,201.51000000,2025-08-29T18:29:06.465Z,0.02600000
solusdt,201.51000000,2025-08-29T18:29:06.465Z,0.02600000
solusdt,201.51000000,2025-08-29T18:29:06.465Z,0.02600000
solusdt,201.51000000,2025-08-29T18:29:06.465Z,0.02600000
solusdt,201.51000000,2025-08-29T18:29:06.465Z,0.02600000
solusdt,201.51000000,2025-08-29T18:29:06.465Z,0.02600000
solusdt,201.51000000,2025-08-29T18:29:06.465Z,0.02600000
solusdt,201.51000000,2025-08-29T18:29:06.465Z,0.02600000
solusdt,201.51000000,2025-08-29T18:29:06.465Z,0.02600000
solusdt,201.51000000,2025-08-29T18:29:06.465Z,0.02600000
solusdt,201.51000000,2025-08-29T18:29:06.465Z,0.02600000
solusdt,201.51000000,2025-08-29T18:29:06.465Z,0.02600000
solusdt,201.51000000,2025-08-29T18:29:06.465Z,0.02600000
solusdt,201.51000000,2025-08-29T18:29:06.465Z,0.02600000
solusdt,201.51000000,2025-08-29T18:29:06.465Z,0.02600000
solusdt,201.51000000,2025-08-29T18:29:06.465Z,1.98400000
solusdt,201.51000000,2025-08-29T18:29:06.465Z,1.98400000
solusdt,201.51000000,2025-08-29T18:29:06.465Z,1.98400000
solusdt,201.51000000,2025-08-29T18:29:06.465Z,0.02600000
solusdt,201.51000000,2025-08-29T18:29:06.465Z,0.02600000
solusdt,201.51000000,2025-08-29T18:29:06.465Z,0.02600000
solusdt,201.51000000,2025-08-29T18:29:06.465Z,0.02600000
solusdt,201.51000000,2025-08-29T18:29:06.465Z,0.02600000
solusdt,201.51000000,2025-08-29T18:29:06.465Z,0.02600000
solusdt,201.50000000,2025-08-29T18:29:06.491Z,0.02700000
solusdt,201.50000000,2025-08-29T18:29:06.491Z,0.02700000
solusdt,201.50000000,2025-08-29T18:29:06.491Z,0.02700000
solusdt,201.50000000,2025-08-29T18:29:06.491Z,0.02500000
solusdt,201.50000000,2025-08-29T18:29:06.491Z,0.02500000
solusdt,201.50000000,2025-08-29T18:29:06.491Z,0.02500000
solusdt,201.50000000,2025-08-29T18:29:06.491Z,0.02600000
solusdt,201.50000000,2025-08-29T18:29:06.491Z,0.02600000
solusdt,201.50000000,2025-08-29T18:29:06.491Z,0.02600000
solusdt,201.50000000,2025-08-29T18:29:06.491Z,0.02600000
solusdt,201.50000000,2025-08-29T18:29:06.491Z,0.02600000
solusdt,201.50000000,2025-08-29T18:29:06.491Z,0.02600000
solusdt,201.50000000,2025-08-29T18:29:06.491Z,0.02600000
solusdt,201.50000000,2025-08-29T18:29:06.491Z,0.02600000
solusdt,201.50000000,2025-08-29T18:29:06.491Z,0.02600000
solusdt,201.50000000,2025-08-29T18:29:06.491Z,0.02600000
solusdt,201.50000000,2025-08-29T18:29:06.491Z,0.02600000
solusdt,201.50000000,2025-08-29T18:29:06.491Z,0.02600000
solusdt,201.50000000,2025-08-29T18:29:06.491Z,0.02600000
solusdt,201.50000000,2025-08-29T18:29:06.491Z,0.02600000
solusdt,201.50000000,2025-08-29T18:29:06.491Z,0.02600000
solusdt,201.50000000,2025-08-29T18:29:06.491Z,0.02600000
solusdt,201.50000000,2025-08-29T18:29:06.491Z,0.02600000
solusdt,201.50000000,2025-08-29T18:29:06.491Z,0.02600000
solusdt,201.50000000,2025-08-29T18:29:06.491Z,0.02600000
solusdt,201.50000000,2025-08-29T18:29:06.491Z,0.02600000
solusdt,201.50000000,2025-08-29T18:29:06.491Z,0.02600000
solusdt,201.50000000,2025-08-29T18:29:06.491Z,0.02600000
solusdt,201.50000000,2025-08-29T18:29:06.491Z,0.02600000
solusdt,201.50000000,2025-08-29T18:29:06.491Z,0.02600000
solusdt,201.50000000,2025-08-29T18:29:06.491Z,0.02600000
solusdt,201.50000000,2025-08-29T18:29:06.491Z,0.02600000
solusdt,201.50000000,2025-08-29T18:29:06.491Z,0.02600000
solusdt,201.50000000,2025-08-29T18:29:06.491Z,0.02600000
solusdt,201.50000000,2025-08-29T18:29:06.491Z,0.02600000
solusdt,201.50000000,2025-08-29T18:29:06.491Z,0.02600000
solusdt,201.50000000,2025-08-29T18:29:06.491Z,0.02600000
solusdt,201.50000000,2025-08-29T18:29:06.491Z,0.02600000
solusdt,201.50000000,2025-08-29T18:29:06.491Z,0.02600000
solusdt,201.50000000,2025-08-29T18:29:06.491Z,0.02600000
solusdt,201.50000000,2025-08-29T18:29:06.491Z,0.02600000
solusdt,201.50000000,2025-08-29T18:29:06.491Z,0.02600000
solusdt,201.50000000,2025-08-29T18:29:06.491Z,0.02600000
solusdt,201.50000000,2025-08-29T18:29:06.491Z,0.02600000
solusdt,201.50000000,2025-08-29T18:29:06.491Z,0.02600000
solusdt,201.50000000,2025-08-29T18:29:06.496Z,0.02600000
solusdt,201.50000000,2025-08-29T18:29:06.496Z,0.02600000
solusdt,201.50000000,2025-08-29T18:29:06.496Z,0.02600000
solusdt,201.50000000,2025-08-29T18:29:06.496Z,0.02600000
solusdt,201.50000000,2025-08-29T18:29:06.496Z,0.02600000
solusdt,201.50000000,2025-08-29T18:29:06.496Z,0.02600000
solusdt,201.50000000,2025-08-29T18:29:06.496Z,0.02600000
solusdt,201.50000000,2025-08-29T18:29:06.496Z,0.02600000
solusdt,201.50000000,2025-08-29T18:29:06.496Z,0.02600000
solusdt,201.50000000,2025-08-29T18:29:06.496Z,0.02600000
solusdt,201.50000000,2025-08-29T18:29:06.496Z,0.02600000
solusdt,201.50000000,2025-08-29T18:29:06.496Z,0.02600000
solusdt,201.50000000,2025-08-29T18:29:06.496Z,0.02600000
solusdt,201.50000000,2025-08-29T18:29:06.496Z,0.02600000
solusdt,201.50000000,2025-08-29T18:29:06.496Z,0.02600000
solusdt,201.50000000,2025-08-29T18:29:06.496Z,0.02600000
solusdt,201.50000000,2025-08-29T18:29:06.496Z,0.02600000
solusdt,201.50000000,2025-08-29T18:29:06.496Z,0.02600000
solusdt,201.50000000,2025-08-29T18:29:06.496Z,0.02600000
solusdt,201.50000000,2025-08-29T18:29:06.496Z,0.02600000
solusdt,201.50000000,2025-08-29T18:29:06.496Z,0.02600000
solusdt,201.50000000,2025-08-29T18:29:06.496Z,0.02600000
solusdt,201.50000000,2025-08-29T18:29:06.496Z,0.02600000
solusdt,201.50000000,2025-08-29T18:29:06.496Z,0.02600000
solusdt,201.50000000,2025-08-29T18:29:06.496Z,0.02600000
solusdt,201.50000000,2025-08-29T18:29:06.496Z,0.02600000
solusdt,201.50000000,2025-08-29T18:29:06.496Z,0.02600000
solusdt,201.50000000,2025-08-29T18:29:06.496Z,0.02700000
solusdt,201.50000000,2025-08-29T18:29:06.496Z,0.02700000
solusdt,201.50000000,2025-08-29T18:29:06.496Z,0.02700000
solusdt,201.50000000,2025-08-29T18:29:06.496Z,0.02500000
solusdt,201.50000000,2025-08-29T18:29:06.496Z,0.02500000
solusdt,201.50000000,2025-08-29T18:29:06.496Z,0.02500000
solusdt,201.49000000,2025-08-29T18:29:06.496Z,0.02500000
solusdt,201.49000000,2025-08-29T18:29:06.496Z,0.02500000
solusdt,201.49000000,2025-08-29T18:29:06.496Z,0.02500000
solusdt,201.49000000,2025-08-29T18:29:06.496Z,0.02500000
solusdt,201.49000000,2025-08-29T18:29:06.496Z,0.02500000
solusdt,201.49000000,2025-08-29T18:29:06.496Z,0.02500000
solusdt,201.49000000,2025-08-29T18:29:06.496Z,0.02600000
solusdt,201.49000000,2025-08-29T18:29:06.496Z,0.02600000
solusdt,201.49000000,2025-08-29T18:29:06.496Z,0.02600000
solusdt,201.49000000,2025-08-29T18:29:06.496Z,0.02600000
solusdt,201.49000000,2025-08-29T18:29:06.496Z,0.02600000
solusdt,201.49000000,2025-08-29T18:29:06.496Z,0.02600000
solusdt,201.49000000,2025-08-29T18:29:06.496Z,0.02600000
solusdt,201.49000000,2025-08-29T18:29:06.496Z,0.02600000
solusdt,201.49000000,2025-08-29T18:29:06.496Z,0.02600000
solusdt,201.49000000,2025-08-29T18:29:06.496Z,0.02600000
solusdt,201.49000000,2025-08-29T18:29:06.496Z,0.02600000
solusdt,201.49000000,2025-08-29T18:29:06.496Z,0.02600000
solusdt,201.49000000,2025-08-29T18:29:06.496Z,0.02700000
solusdt,201.49000000,2025-08-29T18:29:06.496Z,0.02700000
solusdt,201.49000000,2025-08-29T18:29:06.496Z,0.02700000
solusdt,201.49000000,2025-08-29T18:29:06.496Z,0.02600000
solusdt,201.49000000,2025-08-29T18:29:06.496Z,0.02600000
solusdt,201.49000000,2025-08-29T18:29:06.496Z,0.02600000
solusdt,201.49000000,2025-08-29T18:29:06.496Z,0.02600000
solusdt,201.49000000,2025-08-29T18:29:06.496Z,0.02600000
solusdt,201.49000000,2025-08-29T18:29:06.496Z,0.02600000
solusdt,201.49000000,2025-08-29T18:29:06.496Z,0.02600000
solusdt,201.49000000,2025-08-29T18:29:06.496Z,0.02600000
solusdt,201.49000000,2025-08-29T18:29:06.496Z,0.02600000
solusdt,201.48000000,2025-08-29T18:29:06.501Z,0.22900000
solusdt,201.48000000,2025-08-29T18:29:06.501Z,0.22900000
solusdt,201.48000000,2025-08-29T18:29:06.501Z,0.22900000
solusdt,201.48000000,2025-08-29T18:29:06.537Z,0.85300000
solusdt,201.48000000,2025-08-29T18:29:06.537Z,0.85300000
solusdt,201.48000000,2025-08-29T18:29:06.537Z,0.85300000
solusdt,201.48000000,2025-08-29T18:29:06.696Z,0.02500000
solusdt,201.48000000,2025-08-29T18:29:06.696Z,0.02500000
solusdt,201.48000000,2025-08-29T18:29:06.696Z,0.02500000
solusdt,201.48000000,2025-08-29T18:29:06.696Z,0.02600000
solusdt,201.48000000,2025-08-29T18:29:06.696Z,0.02600000
solusdt,201.48000000,2025-08-29T18:29:06.696Z,0.02600000
solusdt,201.48000000,2025-08-29T18:29:06.696Z,0.02600000
solusdt,201.48000000,2025-08-29T18:29:06.696Z,0.02600000
solusdt,201.48000000,2025-08-29T18:29:06.696Z,0.02600000
solusdt,201.48000000,2025-08-29T18:29:06.696Z,0.02600000
solusdt,201.48000000,2025-08-29T18:29:06.696Z,0.02600000
solusdt,201.48000000,2025-08-29T18:29:06.696Z,0.02600000
solusdt,201.48000000,2025-08-29T18:29:06.696Z,0.05000000
solusdt,201.48000000,2025-08-29T18:29:06.696Z,0.05000000
solusdt,201.48000000,2025-08-29T18:29:06.696Z,0.05000000
solusdt,201.48000000,2025-08-29T18:29:06.696Z,0.02600000
solusdt,201.48000000,2025-08-29T18:29:06.696Z,0.02600000
solusdt,201.48000000,2025-08-29T18:29:06.696Z,0.02600000
solusdt,201.48000000,2025-08-29T18:29:06.696Z,0.02600000
solusdt,201.48000000,2025-08-29T18:29:06.696Z,0.02600000
solusdt,201.48000000,2025-08-29T18:29:06.696Z,0.02600000
solusdt,201.48000000,2025-08-29T18:29:06.696Z,0.02600000
solusdt,201.48000000,2025-08-29T18:29:06.696Z,0.02600000
solusdt,201.48000000,2025-08-29T18:29:06.696Z,0.02600000
solusdt,201.48000000,2025-08-29T18:29:06.696Z,0.02700000
solusdt,201.48000000,2025-08-29T18:29:06.696Z,0.02700000
solusdt,201.48000000,2025-08-29T18:29:06.696Z,0.02700000
solusdt,201.48000000,2025-08-29T18:29:06.696Z,0.02600000
solusdt,201.48000000,2025-08-29T18:29:06.696Z,0.02600000
solusdt,201.48000000,2025-08-29T18:29:06.696Z,0.02600000
solusdt,201.48000000,2025-08-29T18:29:06.696Z,0.02600000
solusdt,201.48000000,2025-08-29T18:29:06.696Z,0.02600000
solusdt,201.48000000,2025-08-29T18:29:06.696Z,0.02600000
solusdt,201.48000000,2025-08-29T18:29:06.696Z,0.02600000
solusdt,201.48000000,2025-08-29T18:29:06.696Z,0.02600000
solusdt,201.48000000,2025-08-29T18:29:06.696Z,0.02600000
solusdt,201.48000000,2025-08-29T18:29:06.696Z,0.02600000
solusdt,201.48000000,2025-08-29T18:29:06.696Z,0.02600000
solusdt,201.48000000,2025-08-29T18:29:06.696Z,0.02600000
solusdt,201.48000000,2025-08-29T18:29:06.696Z,0.02600000
solusdt,201.48000000,2025-08-29T18:29:06.696Z,0.02600000
solusdt,201.48000000,2025-08-29T18:29:06.696Z,0.02600000
solusdt,201.48000000,2025-08-29T18:29:06.696Z,0.02600000
solusdt,201.48000000,2025-08-29T18:29:06.696Z,0.02600000
solusdt,201.48000000,2025-08-29T18:29:06.696Z,0.02600000
solusdt,201.48000000,2025-08-29T18:29:06.696Z,0.02600000
solusdt,201.48000000,2025-08-29T18:29:06.696Z,0.02600000
solusdt,201.48000000,2025-08-29T18:29:06.696Z,0.02600000
solusdt,201.48000000,2025-08-29T18:29:06.696Z,1.48900000
solusdt,201.48000000,2025-08-29T18:29:06.696Z,1.48900000
solusdt,201.48000000,2025-08-29T18:29:06.696Z,1.48900000
solusdt,201.48000000,2025-08-29T18:29:06.696Z,0.06400000
solusdt,201.48000000,2025-08-29T18:29:06.696Z,0.06400000
solusdt,201.48000000,2025-08-29T18:29:06.696Z,0.06400000
solusdt,201.48000000,2025-08-29T18:29:06.696Z,0.02600000
solusdt,201.48000000,2025-08-29T18:29:06.696Z,0.02600000
solusdt,201.48000000,2025-08-29T18:29:06.696Z,0.02600000
solusdt,201.48000000,2025-08-29T18:29:06.696Z,0.02600000
solusdt,201.48000000,2025-08-29T18:29:06.696Z,0.02600000
solusdt,201.48000000,2025-08-29T18:29:06.696Z,0.02600000
solusdt,201.48000000,2025-08-29T18:29:07.629Z,0.24700000
solusdt,201.48000000,2025-08-29T18:29:07.629Z,0.24700000
solusdt,201.48000000,2025-08-29T18:29:07.629Z,0.24700000
solusdt,201.48000000,2025-08-29T18:29:07.711Z,0.02700000
solusdt,201.48000000,2025-08-29T18:29:07.711Z,0.02700000
solusdt,201.48000000,2025-08-29T18:29:07.711Z,0.02700000
solusdt,201.48000000,2025-08-29T18:29:07.711Z,0.04700000
solusdt,201.48000000,2025-08-29T18:29:07.711Z,0.04700000
solusdt,201.48000000,2025-08-29T18:29:07.711Z,0.04700000
solusdt,201.47000000,2025-08-29T18:29:07.712Z,2.48600000
solusdt,201.47000000,2025-08-29T18:29:07.712Z,2.48600000
solusdt,201.47000000,2025-08-29T18:29:07.712Z,2.48600000
solusdt,201.48000000,2025-08-29T18:29:07.731Z,1.62900000
solusdt,201.48000000,2025-08-29T18:29:07.731Z,1.62900000
solusdt,201.48000000,2025-08-29T18:29:07.731Z,1.62900000
solusdt,201.48000000,2025-08-29T18:29:07.731Z,0.02700000
solusdt,201.48000000,2025-08-29T18:29:07.731Z,0.02700000
solusdt,201.48000000,2025-08-29T18:29:07.731Z,0.02700000
solusdt,201.49000000,2025-08-29T18:29:08.150Z,0.02700000
solusdt,201.49000000,2025-08-29T18:29:08.150Z,0.02700000
solusdt,201.49000000,2025-08-29T18:29:08.150Z,0.02700000
solusdt,201.49000000,2025-08-29T18:29:08.150Z,2.00000000
solusdt,201.49000000,2025-08-29T18:29:08.150Z,2.00000000
solusdt,201.49000000,2025-08-29T18:29:08.150Z,2.00000000
solusdt,201.49000000,2025-08-29T18:29:08.150Z,0.45400000
solusdt,201.49000000,2025-08-29T18:29:08.150Z,0.45400000
solusdt,201.49000000,2025-08-29T18:29:08.150Z,0.45400000
solusdt,201.49000000,2025-08-29T18:29:08.329Z,0.02700000
solusdt,201.49000000,2025-08-29T18:29:08.329Z,0.02700000
solusdt,201.49000000,2025-08-29T18:29:08.329Z,0.02700000
solusdt,201.49000000,2025-08-29T18:29:08.329Z,5.37000000
solusdt,201.49000000,2025-08-29T18:29:08.329Z,5.37000000
solusdt,201.49000000,2025-08-29T18:29:08.329Z,5.37000000
solusdt,201.49000000,2025-08-29T18:29:08.329Z,0.02600000
solusdt,201.49000000,2025-08-29T18:29:08.329Z,0.02600000
solusdt,201.49000000,2025-08-29T18:29:08.329Z,0.02600000
solusdt,201.49000000,2025-08-29T18:29:08.329Z,0.02600000
solusdt,201.49000000,2025-08-29T18:29:08.329Z,0.02600000
solusdt,201.49000000,2025-08-29T18:29:08.329Z,0.02600000
solusdt,201.50000000,2025-08-29T18:29:08.360Z,0.03800000
solusdt,201.50000000,2025-08-29T18:29:08.360Z,0.03800000
solusdt,201.50000000,2025-08-29T18:29:08.360Z,0.03800000
solusdt,201.50000000,2025-08-29T18:29:08.360Z,0.02700000
solusdt,201.50000000,2025-08-29T18:29:08.360Z,0.02700000
solusdt,201.50000000,2025-08-29T18:29:08.360Z,0.02700000
solusdt,201.50000000,2025-08-29T18:29:08.360Z,0.02600000
solusdt,201.50000000,2025-08-29T18:29:08.360Z,0.02600000
solusdt,201.50000000,2025-08-29T18:29:08.360Z,0.02600000
solusdt,201.50000000,2025-08-29T18:29:08.360Z,0.02600000
solusdt,201.50000000,2025-08-29T18:29:08.360Z,0.02600000
solusdt,201.50000000,2025-08-29T18:29:08.360Z,0.02600000
solusdt,201.50000000,2025-08-29T18:29:08.360Z,0.02600000
solusdt,201.50000000,2025-08-29T18:29:08.360Z,0.02600000
solusdt,201.50000000,2025-08-29T18:29:08.360Z,0.02600000
solusdt,201.50000000,2025-08-29T18:29:08.360Z,0.02600000
solusdt,201.50000000,2025-08-29T18:29:08.360Z,0.02600000
solusdt,201.50000000,2025-08-29T18:29:08.360Z,0.02600000
solusdt,201.51000000,2025-08-29T18:29:08.398Z,0.02400000
solusdt,201.51000000,2025-08-29T18:29:08.398Z,0.02400000
solusdt,201.51000000,2025-08-29T18:29:08.398Z,0.02400000
solusdt,201.51000000,2025-08-29T18:29:08.496Z,0.00300000
solusdt,201.51000000,2025-08-29T18:29:08.496Z,0.00300000
solusdt,201.51000000,2025-08-29T18:29:08.496Z,0.00300000
solusdt,201.51000000,2025-08-29T18:29:08.496Z,0.02600000
solusdt,201.51000000,2025-08-29T18:29:08.496Z,0.02600000
solusdt,201.51000000,2025-08-29T18:29:08.496Z,0.02600000
solusdt,201.51000000,2025-08-29T18:29:08.496Z,0.02600000
solusdt,201.51000000,2025-08-29T18:29:08.496Z,0.02600000
solusdt,201.51000000,2025-08-29T18:29:08.496Z,0.02600000
solusdt,201.51000000,2025-08-29T18:29:08.496Z,0.02600000
solusdt,201.51000000,2025-08-29T18:29:08.496Z,0.02600000
solusdt,201.51000000,2025-08-29T18:29:08.496Z,0.02600000
solusdt,201.51000000,2025-08-29T18:29:08.496Z,4.90000000
solusdt,201.51000000,2025-08-29T18:29:08.496Z,4.90000000
solusdt,201.51000000,2025-08-29T18:29:08.496Z,4.90000000
solusdt,201.52000000,2025-08-29T18:29:08.601Z,0.02700000
solusdt,201.52000000,2025-08-29T18:29:08.601Z,0.02700000
solusdt,201.52000000,2025-08-29T18:29:08.601Z,0.02700000
solusdt,201.52000000,2025-08-29T18:29:08.601Z,0.02600000
solusdt,201.52000000,2025-08-29T18:29:08.601Z,0.02600000
solusdt,201.52000000,2025-08-29T18:29:08.601Z,0.02600000
solusdt,201.52000000,2025-08-29T18:29:08.601Z,0.07200000
solusdt,201.52000000,2025-08-29T18:29:08.601Z,0.07200000
solusdt,201.52000000,2025-08-29T18:29:08.601Z,0.07200000
solusdt,201.52000000,2025-08-29T18:29:09.184Z,2.92800000
solusdt,201.52000000,2025-08-29T18:29:09.184Z,2.92800000
solusdt,201.52000000,2025-08-29T18:29:09.184Z,2.92800000
solusdt,201.52000000,2025-08-29T18:29:09.184Z,0.02600000
solusdt,201.52000000,2025-08-29T18:29:09.184Z,0.02600000
solusdt,201.52000000,2025-08-29T18:29:09.184Z,0.02600000
solusdt,201.52000000,2025-08-29T18:29:09.184Z,6.72600000
solusdt,201.52000000,2025-08-29T18:29:09.184Z,6.72600000
solusdt,201.52000000,2025-08-29T18:29:09.184Z,6.72600000
solusdt,201.52000000,2025-08-29T18:29:09.496Z,0.02700000
solusdt,201.52000000,2025-08-29T18:29:09.496Z,0.02700000
solusdt,201.52000000,2025-08-29T18:29:09.496Z,0.02700000
solusdt,201.52000000,2025-08-29T18:29:09.496Z,0.02600000
solusdt,201.52000000,2025-08-29T18:29:09.496Z,0.02600000
solusdt,201.52000000,2025-08-29T18:29:09.496Z,0.02600000
solusdt,201.53000000,2025-08-29T18:29:10.003Z,1.48900000
solusdt,201.53000000,2025-08-29T18:29:10.003Z,1.48900000
solusdt,201.53000000,2025-08-29T18:29:10.003Z,1.48900000
solusdt,201.53000000,2025-08-29T18:29:10.003Z,0.06400000
solusdt,201.53000000,2025-08-29T18:29:10.003Z,0.06400000
solusdt,201.53000000,2025-08-29T18:29:10.003Z,0.06400000
solusdt,201.53000000,2025-08-29T18:29:10.003Z,0.02700000
solusdt,201.53000000,2025-08-29T18:29:10.003Z,0.02700000
solusdt,201.53000000,2025-08-29T18:29:10.003Z,0.02700000
solusdt,201.53000000,2025-08-29T18:29:10.003Z,0.02600000
solusdt,201.53000000,2025-08-29T18:29:10.003Z,0.02600000
solusdt,201.53000000,2025-08-29T18:29:10.003Z,0.02600000
solusdt,201.53000000,2025-08-29T18:29:10.003Z,0.02600000
solusdt,201.53000000,2025-08-29T18:29:10.003Z,0.02600000
solusdt,201.53000000,2025-08-29T18:29:10.003Z,0.02600000
solusdt,201.53000000,2025-08-29T18:29:10.003Z,25.00000000
solusdt,201.53000000,2025-08-29T18:29:10.003Z,25.00000000
solusdt,201.53000000,2025-08-29T18:29:10.003Z,25.00000000
solusdt,201.53000000,2025-08-29T18:29:10.003Z,0.02600000
solusdt,201.53000000,2025-08-29T18:29:10.003Z,0.02600000
solusdt,201.53000000,2025-08-29T18:29:10.003Z,0.02600000
solusdt,201.53000000,2025-08-29T18:29:10.003Z,0.02600000
solusdt,201.53000000,2025-08-29T18:29:10.003Z,0.02600000
solusdt,201.53000000,2025-08-29T18:29:10.003Z,0.02600000
solusdt,201.54000000,2025-08-29T18:29:10.052Z,0.03800000
solusdt,201.54000000,2025-08-29T18:29:10.052Z,0.03800000
solusdt,201.54000000,2025-08-29T18:29:10.052Z,0.03800000
solusdt,201.54000000,2025-08-29T18:29:10.052Z,0.02700000
solusdt,201.54000000,2025-08-29T18:29:10.052Z,0.02700000
solusdt,201.54000000,2025-08-29T18:29:10.052Z,0.02700000
solusdt,201.54000000,2025-08-29T18:29:10.052Z,0.02600000
solusdt,201.54000000,2025-08-29T18:29:10.052Z,0.02600000
solusdt,201.54000000,2025-08-29T18:29:10.052Z,0.02600000
solusdt,201.54000000,2025-08-29T18:29:10.052Z,0.02600000
solusdt,201.54000000,2025-08-29T18:29:10.052Z,0.02600000
solusdt,201.54000000,2025-08-29T18:29:10.052Z,0.02600000
solusdt,201.54000000,2025-08-29T18:29:10.052Z,0.02600000
solusdt,201.54000000,2025-08-29T18:29:10.052Z,0.02600000
solusdt,201.54000000,2025-08-29T18:29:10.052Z,0.02600000
solusdt,201.54000000,2025-08-29T18:29:10.052Z,0.02600000
solusdt,201.54000000,2025-08-29T18:29:10.052Z,0.02600000
solusdt,201.54000000,2025-08-29T18:29:10.052Z,0.02600000
solusdt,201.54000000,2025-08-29T18:29:10.052Z,9.89700000
solusdt,201.54000000,2025-08-29T18:29:10.052Z,9.89700000
solusdt,201.54000000,2025-08-29T18:29:10.052Z,9.89700000
solusdt,201.54000000,2025-08-29T18:29:10.239Z,8.28600000
solusdt,201.54000000,2025-08-29T18:29:10.239Z,8.28600000
solusdt,201.54000000,2025-08-29T18:29:10.239Z,8.28600000
solusdt,201.54000000,2025-08-29T18:29:10.296Z,0.02700000
solusdt,201.54000000,2025-08-29T18:29:10.296Z,0.02700000
solusdt,201.54000000,2025-08-29T18:29:10.296Z,0.02700000
solusdt,201.55000000,2025-08-29T18:29:10.406Z,7.71300000
solusdt,201.55000000,2025-08-29T18:29:10.406Z,7.71300000
solusdt,201.55000000,2025-08-29T18:29:10.406Z,7.71300000
solusdt,201.55000000,2025-08-29T18:29:10.406Z,0.37200000
solusdt,201.55000000,2025-08-29T18:29:10.406Z,0.37200000
solusdt,201.55000000,2025-08-29T18:29:10.406Z,0.37200000
solusdt,201.55000000,2025-08-29T18:29:10.406Z,0.99700000
solusdt,201.55000000,2025-08-29T18:29:10.406Z,0.99700000
solusdt,201.55000000,2025-08-29T18:29:10.406Z,0.99700000
solusdt,201.55000000,2025-08-29T18:29:10.406Z,0.02500000
solusdt,201.55000000,2025-08-29T18:29:10.406Z,0.02500000
solusdt,201.55000000,2025-08-29T18:29:10.406Z,0.02500000
solusdt,201.55000000,2025-08-29T18:29:10.406Z,0.02900000
solusdt,201.55000000,2025-08-29T18:29:10.406Z,0.02900000
solusdt,201.55000000,2025-08-29T18:29:10.406Z,0.02900000
solusdt,201.55000000,2025-08-29T18:29:10.406Z,0.02700000
solusdt,201.55000000,2025-08-29T18:29:10.406Z,0.02700000
solusdt,201.55000000,2025-08-29T18:29:10.406Z,0.02700000
solusdt,201.55000000,2025-08-29T18:29:10.406Z,0.02600000
solusdt,201.55000000,2025-08-29T18:29:10.406Z,0.02600000
solusdt,201.55000000,2025-08-29T18:29:10.406Z,0.02600000
solusdt,201.55000000,2025-08-29T18:29:10.406Z,0.02600000
solusdt,201.55000000,2025-08-29T18:29:10.406Z,0.02600000
solusdt,201.55000000,2025-08-29T18:29:10.406Z,0.02600000
solusdt,201.55000000,2025-08-29T18:29:10.406Z,0.02600000
solusdt,201.55000000,2025-08-29T18:29:10.406Z,0.02600000
solusdt,201.55000000,2025-08-29T18:29:10.406Z,0.02600000
solusdt,201.55000000,2025-08-29T18:29:10.406Z,0.02600000
solusdt,201.55000000,2025-08-29T18:29:10.406Z,0.02600000
solusdt,201.55000000,2025-08-29T18:29:10.406Z,0.02600000
solusdt,201.55000000,2025-08-29T18:29:10.406Z,0.02600000
solusdt,201.55000000,2025-08-29T18:29:10.406Z,0.02600000
solusdt,201.55000000,2025-08-29T18:29:10.406Z,0.02600000
solusdt,201.56000000,2025-08-29T18:29:10.450Z,0.03800000
solusdt,201.56000000,2025-08-29T18:29:10.450Z,0.03800000
solusdt,201.56000000,2025-08-29T18:29:10.450Z,0.03800000
solusdt,201.56000000,2025-08-29T18:29:10.450Z,0.02800000
solusdt,201.56000000,2025-08-29T18:29:10.450Z,0.02800000
solusdt,201.56000000,2025-08-29T18:29:10.450Z,0.02800000
solusdt,201.56000000,2025-08-29T18:29:10.450Z,0.10000000
solusdt,201.56000000,2025-08-29T18:29:10.450Z,0.10000000
solusdt,201.56000000,2025-08-29T18:29:10.450Z,0.10000000
solusdt,201.56000000,2025-08-29T18:29:10.450Z,0.52300000
solusdt,201.56000000,2025-08-29T18:29:10.450Z,0.52300000
solusdt,201.56000000,2025-08-29T18:29:10.450Z,0.52300000
solusdt,201.56000000,2025-08-29T18:29:10.473Z,7.58700000
solusdt,201.56000000,2025-08-29T18:29:10.473Z,7.58700000
solusdt,201.56000000,2025-08-29T18:29:10.473Z,7.58700000
solusdt,201.56000000,2025-08-29T18:29:10.473Z,0.02500000
solusdt,201.56000000,2025-08-29T18:29:10.473Z,0.02500000
solusdt,201.56000000,2025-08-29T18:29:10.473Z,0.02500000
solusdt,201.56000000,2025-08-29T18:29:10.473Z,0.05000000
solusdt,201.56000000,2025-08-29T18:29:10.473Z,0.05000000
solusdt,201.56000000,2025-08-29T18:29:10.473Z,0.05000000
solusdt,201.56000000,2025-08-29T18:29:10.473Z,0.02700000
solusdt,201.56000000,2025-08-29T18:29:10.473Z,0.02700000
solusdt,201.56000000,2025-08-29T18:29:10.473Z,0.02700000
solusdt,201.56000000,2025-08-29T18:29:10.473Z,0.02600000
solusdt,201.56000000,2025-08-29T18:29:10.473Z,0.02600000
solusdt,201.56000000,2025-08-29T18:29:10.473Z,0.02600000
solusdt,201.56000000,2025-08-29T18:29:10.473Z,0.02600000
solusdt,201.56000000,2025-08-29T18:29:10.473Z,0.02600000
solusdt,201.56000000,2025-08-29T18:29:10.473Z,0.02600000
solusdt,201.56000000,2025-08-29T18:29:10.473Z,0.02600000
solusdt,201.56000000,2025-08-29T18:29:10.473Z,0.02600000
solusdt,201.56000000,2025-08-29T18:29:10.473Z,0.02600000
solusdt,201.56000000,2025-08-29T18:29:10.473Z,0.02600000
solusdt,201.56000000,2025-08-29T18:29:10.473Z,0.02600000
solusdt,201.56000000,2025-08-29T18:29:10.473Z,0.02600000
solusdt,201.56000000,2025-08-29T18:29:10.473Z,0.02600000
solusdt,201.56000000,2025-08-29T18:29:10.473Z,0.02600000
solusdt,201.56000000,2025-08-29T18:29:10.473Z,0.02600000
solusdt,201.56000000,2025-08-29T18:29:10.473Z,0.02600000
solusdt,201.56000000,2025-08-29T18:29:10.473Z,0.02600000
solusdt,201.56000000,2025-08-29T18:29:10.473Z,0.02600000
solusdt,201.57000000,2025-08-29T18:29:10.496Z,0.05000000
solusdt,201.57000000,2025-08-29T18:29:10.496Z,0.05000000
solusdt,201.57000000,2025-08-29T18:29:10.496Z,0.05000000
solusdt,201.57000000,2025-08-29T18:29:10.496Z,3.96900000
solusdt,201.57000000,2025-08-29T18:29:10.496Z,3.96900000
solusdt,201.57000000,2025-08-29T18:29:10.496Z,3.96900000
solusdt,201.57000000,2025-08-29T18:29:10.496Z,0.16300000
solusdt,201.57000000,2025-08-29T18:29:10.496Z,0.16300000
solusdt,201.57000000,2025-08-29T18:29:10.496Z,0.16300000
solusdt,201.57000000,2025-08-29T18:29:10.496Z,0.02500000
solusdt,201.57000000,2025-08-29T18:29:10.496Z,0.02500000
solusdt,201.57000000,2025-08-29T18:29:10.496Z,0.02500000
solusdt,201.57000000,2025-08-29T18:29:10.496Z,0.02700000
solusdt,201.57000000,2025-08-29T18:29:10.496Z,0.02700000
solusdt,201.57000000,2025-08-29T18:29:10.496Z,0.02700000
solusdt,201.57000000,2025-08-29T18:29:10.496Z,0.02600000
solusdt,201.57000000,2025-08-29T18:29:10.496Z,0.02600000
solusdt,201.57000000,2025-08-29T18:29:10.496Z,0.02600000
solusdt,201.57000000,2025-08-29T18:29:10.496Z,0.02600000
solusdt,201.57000000,2025-08-29T18:29:10.496Z,0.02600000
solusdt,201.57000000,2025-08-29T18:29:10.496Z,0.02600000
solusdt,201.57000000,2025-08-29T18:29:10.496Z,0.02600000
solusdt,201.57000000,2025-08-29T18:29:10.496Z,0.02600000
solusdt,201.57000000,2025-08-29T18:29:10.496Z,0.02600000
solusdt,201.57000000,2025-08-29T18:29:10.496Z,0.02600000
solusdt,201.57000000,2025-08-29T18:29:10.496Z,0.02600000
solusdt,201.57000000,2025-08-29T18:29:10.496Z,0.02600000
solusdt,201.57000000,2025-08-29T18:29:10.496Z,0.02600000
solusdt,201.57000000,2025-08-29T18:29:10.496Z,0.02600000
solusdt,201.57000000,2025-08-29T18:29:10.496Z,0.02600000
solusdt,201.58000000,2025-08-29T18:29:11.672Z,0.03800000
solusdt,201.58000000,2025-08-29T18:29:11.672Z,0.03800000
solusdt,201.58000000,2025-08-29T18:29:11.672Z,0.03800000
solusdt,201.58000000,2025-08-29T18:29:11.672Z,0.02800000
solusdt,201.58000000,2025-08-29T18:29:11.672Z,0.02800000
solusdt,201.58000000,2025-08-29T18:29:11.672Z,0.02800000
solusdt,201.58000000,2025-08-29T18:29:11.672Z,0.02500000
solusdt,201.58000000,2025-08-29T18:29:11.672Z,0.02500000
solusdt,201.58000000,2025-08-29T18:29:11.672Z,0.02500000
solusdt,201.58000000,2025-08-29T18:29:11.672Z,0.02700000
solusdt,201.58000000,2025-08-29T18:29:11.672Z,0.02700000
solusdt,201.58000000,2025-08-29T18:29:11.672Z,0.02700000
solusdt,201.58000000,2025-08-29T18:29:11.672Z,0.02600000
solusdt,201.58000000,2025-08-29T18:29:11.672Z,0.02600000
solusdt,201.58000000,2025-08-29T18:29:11.672Z,0.02600000
solusdt,201.58000000,2025-08-29T18:29:11.672Z,0.02600000
solusdt,201.58000000,2025-08-29T18:29:11.672Z,0.02600000
solusdt,201.58000000,2025-08-29T18:29:11.672Z,0.02600000
solusdt,201.58000000,2025-08-29T18:29:11.672Z,0.02600000
solusdt,201.58000000,2025-08-29T18:29:11.672Z,0.02600000
solusdt,201.58000000,2025-08-29T18:29:11.672Z,0.02600000
solusdt,201.58000000,2025-08-29T18:29:11.672Z,0.31300000
solusdt,201.58000000,2025-08-29T18:29:11.672Z,0.31300000
solusdt,201.58000000,2025-08-29T18:29:11.672Z,0.31300000
solusdt,201.57000000,2025-08-29T18:29:11.903Z,0.09000000
solusdt,201.57000000,2025-08-29T18:29:11.903Z,0.09000000
solusdt,201.57000000,2025-08-29T18:29:11.903Z,0.09000000
solusdt,201.58000000,2025-08-29T18:29:12.582Z,0.02700000
solusdt,201.58000000,2025-08-29T18:29:12.582Z,0.02700000
solusdt,201.58000000,2025-08-29T18:29:12.582Z,0.02700000
solusdt,201.58000000,2025-08-29T18:29:12.582Z,49.60400000
solusdt,201.58000000,2025-08-29T18:29:12.582Z,49.60400000
solusdt,201.58000000,2025-08-29T18:29:12.582Z,49.60400000
solusdt,201.59000000,2025-08-29T18:29:12.585Z,0.02500000
solusdt,201.59000000,2025-08-29T18:29:12.585Z,0.02500000
solusdt,201.59000000,2025-08-29T18:29:12.585Z,0.02500000
solusdt,201.59000000,2025-08-29T18:29:12.585Z,13.73600000
solusdt,201.59000000,2025-08-29T18:29:12.585Z,13.73600000
solusdt,201.59000000,2025-08-29T18:29:12.585Z,13.73600000
solusdt,201.59000000,2025-08-29T18:29:12.585Z,0.02700000
solusdt,201.59000000,2025-08-29T18:29:12.585Z,0.02700000
solusdt,201.59000000,2025-08-29T18:29:12.585Z,0.02700000
solusdt,201.59000000,2025-08-29T18:29:12.585Z,0.02600000
solusdt,201.59000000,2025-08-29T18:29:12.585Z,0.02600000
solusdt,201.59000000,2025-08-29T18:29:12.585Z,0.02600000
solusdt,201.60000000,2025-08-29T18:29:12.586Z,11.37000000
solusdt,201.60000000,2025-08-29T18:29:12.586Z,11.37000000
solusdt,201.60000000,2025-08-29T18:29:12.586Z,11.37000000
solusdt,201.60000000,2025-08-29T18:29:12.586Z,0.03800000
solusdt,201.60000000,2025-08-29T18:29:12.586Z,0.03800000
solusdt,201.60000000,2025-08-29T18:29:12.586Z,0.03800000
solusdt,201.60000000,2025-08-29T18:29:12.586Z,0.05000000
solusdt,201.60000000,2025-08-29T18:29:12.586Z,0.05000000
solusdt,201.60000000,2025-08-29T18:29:12.586Z,0.05000000
solusdt,201.60000000,2025-08-29T18:29:12.586Z,0.02800000
solusdt,201.60000000,2025-08-29T18:29:12.586Z,0.02800000
solusdt,201.60000000,2025-08-29T18:29:12.586Z,0.02800000
solusdt,201.60000000,2025-08-29T18:29:12.586Z,10.68000000
solusdt,201.60000000,2025-08-29T18:29:12.586Z,10.68000000
solusdt,201.60000000,2025-08-29T18:29:12.586Z,10.68000000
solusdt,201.60000000,2025-08-29T18:29:12.586Z,10.16700000
solusdt,201.60000000,2025-08-29T18:29:12.586Z,10.16700000
solusdt,201.60000000,2025-08-29T18:29:12.586Z,10.16700000
solusdt,201.60000000,2025-08-29T18:29:12.586Z,0.10000000
solusdt,201.60000000,2025-08-29T18:29:12.586Z,0.10000000
solusdt,201.60000000,2025-08-29T18:29:12.586Z,0.10000000
solusdt,201.60000000,2025-08-29T18:29:12.586Z,0.02500000
solusdt,201.60000000,2025-08-29T18:29:12.586Z,0.02500000
solusdt,201.60000000,2025-08-29T18:29:12.586Z,0.02500000
solusdt,201.60000000,2025-08-29T18:29:12.586Z,0.02700000
solusdt,201.60000000,2025-08-29T18:29:12.586Z,0.02700000
solusdt,201.60000000,2025-08-29T18:29:12.586Z,0.02700000
solusdt,201.60000000,2025-08-29T18:29:12.586Z,1.20000000
solusdt,201.60000000,2025-08-29T18:29:12.586Z,1.20000000
solusdt,201.60000000,2025-08-29T18:29:12.586Z,1.20000000
solusdt,201.61000000,2025-08-29T18:29:12.654Z,3.96800000
solusdt,201.61000000,2025-08-29T18:29:12.654Z,3.96800000
